%YAML 1.1
%TAG !u! tag:unity3d.com,2011:
--- !u!29 &1
OcclusionCullingSettings:
  m_ObjectHideFlags: 0
  serializedVersion: 2
  m_OcclusionBakeSettings:
    smallestOccluder: 5
    smallestHole: 0.25
    backfaceThreshold: 100
  m_SceneGUID: 00000000000000000000000000000000
  m_OcclusionCullingData: {fileID: 0}
--- !u!104 &2
RenderSettings:
  m_ObjectHideFlags: 0
  serializedVersion: 8
  m_Fog: 0
  m_FogColor: {r: 0.5, g: 0.5, b: 0.5, a: 1}
  m_FogMode: 3
  m_FogDensity: 0.01
  m_LinearFogStart: 0
  m_LinearFogEnd: 300
  m_AmbientSkyColor: {r: 0.212, g: 0.227, b: 0.259, a: 1}
  m_AmbientEquatorColor: {r: 0.114, g: 0.125, b: 0.133, a: 1}
  m_AmbientGroundColor: {r: 0.047, g: 0.043, b: 0.035, a: 1}
  m_AmbientIntensity: 1
  m_AmbientMode: 0
  m_SubtractiveShadowColor: {r: 0.42, g: 0.478, b: 0.627, a: 1}
  m_SkyboxMaterial: {fileID: 10304, guid: 0000000000000000f000000000000000, type: 0}
  m_HaloStrength: 0.5
  m_FlareStrength: 1
  m_FlareFadeSpeed: 3
  m_HaloTexture: {fileID: 0}
  m_SpotCookie: {fileID: 10001, guid: 0000000000000000e000000000000000, type: 0}
  m_DefaultReflectionMode: 0
  m_DefaultReflectionResolution: 128
  m_ReflectionBounces: 1
  m_ReflectionIntensity: 1
  m_CustomReflection: {fileID: 0}
  m_Sun: {fileID: 0}
  m_IndirectSpecularColor: {r: 0, g: 0, b: 0, a: 1}
--- !u!157 &4
LightmapSettings:
  m_ObjectHideFlags: 0
  serializedVersion: 11
  m_GIWorkflowMode: 0
  m_GISettings:
    serializedVersion: 2
    m_BounceScale: 1
    m_IndirectOutputScale: 1
    m_AlbedoBoost: 1
    m_TemporalCoherenceThreshold: 1
    m_EnvironmentLightingMode: 0
    m_EnableBakedLightmaps: 1
    m_EnableRealtimeLightmaps: 1
  m_LightmapEditorSettings:
    serializedVersion: 9
    m_Resolution: 2
    m_BakeResolution: 40
    m_TextureWidth: 1024
    m_TextureHeight: 1024
    m_AO: 0
    m_AOMaxDistance: 1
    m_CompAOExponent: 0
    m_CompAOExponentDirect: 0
    m_Padding: 2
    m_LightmapParameters: {fileID: 0}
    m_LightmapsBakeMode: 1
    m_TextureCompression: 1
    m_FinalGather: 0
    m_FinalGatherFiltering: 1
    m_FinalGatherRayCount: 1024
    m_ReflectionCompression: 2
    m_MixedBakeMode: 1
    m_BakeBackend: 0
    m_PVRSampling: 1
    m_PVRDirectSampleCount: 32
    m_PVRSampleCount: 500
    m_PVRBounces: 2
    m_PVRFilterTypeDirect: 0
    m_PVRFilterTypeIndirect: 0
    m_PVRFilterTypeAO: 0
    m_PVRFilteringMode: 0
    m_PVRCulling: 1
    m_PVRFilteringGaussRadiusDirect: 1
    m_PVRFilteringGaussRadiusIndirect: 5
    m_PVRFilteringGaussRadiusAO: 2
    m_PVRFilteringAtrousPositionSigmaDirect: 0.5
    m_PVRFilteringAtrousPositionSigmaIndirect: 2
    m_PVRFilteringAtrousPositionSigmaAO: 1
    m_ShowResolutionOverlay: 1
  m_LightingDataAsset: {fileID: 0}
  m_UseShadowmask: 0
--- !u!196 &5
NavMeshSettings:
  serializedVersion: 2
  m_ObjectHideFlags: 0
  m_BuildSettings:
    serializedVersion: 2
    agentTypeID: 0
    agentRadius: 0.5
    agentHeight: 2
    agentSlope: 45
    agentClimb: 0.4
    ledgeDropHeight: 0
    maxJumpAcrossDistance: 0
    minRegionArea: 2
    manualCellSize: 0
    cellSize: 0.16666667
    manualTileSize: 0
    tileSize: 256
    accuratePlacement: 0
    debug:
      m_Flags: 0
  m_NavMeshData: {fileID: 0}
--- !u!1 &5205698
GameObject:
  m_ObjectHideFlags: 0
  m_PrefabParentObject: {fileID: 121736, guid: d99555ac6ef80a44fb1e502556162913, type: 2}
  m_PrefabInternal: {fileID: 1332557531}
  serializedVersion: 5
  m_Component:
  - component: {fileID: 5205699}
  - component: {fileID: 5205701}
  - component: {fileID: 5205700}
  m_Layer: 5
  m_Name: TopBar
  m_TagString: Untagged
  m_Icon: {fileID: 0}
  m_NavMeshLayer: 0
  m_StaticEditorFlags: 0
  m_IsActive: 1
--- !u!224 &5205699
RectTransform:
  m_ObjectHideFlags: 0
  m_PrefabParentObject: {fileID: 22421736, guid: d99555ac6ef80a44fb1e502556162913,
    type: 2}
  m_PrefabInternal: {fileID: 1332557531}
  m_GameObject: {fileID: 5205698}
  m_LocalRotation: {x: 0, y: 0, z: 0, w: 1}
  m_LocalPosition: {x: 0, y: 0, z: 0}
  m_LocalScale: {x: 1, y: 1, z: 1}
  m_Children:
  - {fileID: 263523494}
  - {fileID: 194309190}
  - {fileID: 2125647646}
  m_Father: {fileID: 100740747}
  m_RootOrder: 2
  m_LocalEulerAnglesHint: {x: 0, y: 0, z: 0}
  m_AnchorMin: {x: 0.5, y: 0.5}
  m_AnchorMax: {x: 0.5, y: 0.5}
  m_AnchoredPosition: {x: 0, y: 519}
  m_SizeDelta: {x: 640, y: 99}
  m_Pivot: {x: 0.5, y: 0.5}
--- !u!114 &5205700
MonoBehaviour:
  m_ObjectHideFlags: 0
  m_PrefabParentObject: {fileID: 11421736, guid: d99555ac6ef80a44fb1e502556162913,
    type: 2}
  m_PrefabInternal: {fileID: 1332557531}
  m_GameObject: {fileID: 5205698}
  m_Enabled: 1
  m_EditorHideFlags: 0
  m_Script: {fileID: -765806418, guid: f5f67c52d1564df4a8936ccd202a3bd8, type: 3}
  m_Name: 
  m_EditorClassIdentifier: 
  m_Material: {fileID: 0}
  m_Color: {r: 0.99607843, g: 0.99607843, b: 0.99607843, a: 1}
  m_RaycastTarget: 1
  m_OnCullStateChanged:
    m_PersistentCalls:
      m_Calls: []
    m_TypeName: UnityEngine.UI.MaskableGraphic+CullStateChangedEvent, UnityEngine.UI,
      Version=1.0.0.0, Culture=neutral, PublicKeyToken=null
  m_Sprite: {fileID: 21300000, guid: 7ed1238760b863f4aafde32ab3a6f28c, type: 3}
  m_Type: 1
  m_PreserveAspect: 0
  m_FillCenter: 1
  m_FillMethod: 4
  m_FillAmount: 1
  m_FillClockwise: 1
  m_FillOrigin: 0
--- !u!222 &5205701
CanvasRenderer:
  m_ObjectHideFlags: 0
  m_PrefabParentObject: {fileID: 22221730, guid: d99555ac6ef80a44fb1e502556162913,
    type: 2}
  m_PrefabInternal: {fileID: 1332557531}
  m_GameObject: {fileID: 5205698}
--- !u!1 &75214242
GameObject:
  m_ObjectHideFlags: 0
  m_PrefabParentObject: {fileID: 121702, guid: d99555ac6ef80a44fb1e502556162913, type: 2}
  m_PrefabInternal: {fileID: 1332557531}
  serializedVersion: 5
  m_Component:
  - component: {fileID: 75214243}
  - component: {fileID: 75214245}
  - component: {fileID: 75214244}
  m_Layer: 5
  m_Name: Icon
  m_TagString: Untagged
  m_Icon: {fileID: 0}
  m_NavMeshLayer: 0
  m_StaticEditorFlags: 0
  m_IsActive: 1
--- !u!224 &75214243
RectTransform:
  m_ObjectHideFlags: 0
  m_PrefabParentObject: {fileID: 22421702, guid: d99555ac6ef80a44fb1e502556162913,
    type: 2}
  m_PrefabInternal: {fileID: 1332557531}
  m_GameObject: {fileID: 75214242}
  m_LocalRotation: {x: 0, y: 0, z: 0, w: 1}
  m_LocalPosition: {x: 0, y: 0, z: 0}
  m_LocalScale: {x: 1, y: 1, z: 1}
  m_Children:
  - {fileID: 1708745332}
  - {fileID: 477389125}
  m_Father: {fileID: 655474985}
  m_RootOrder: 2
  m_LocalEulerAnglesHint: {x: 0, y: 0, z: 0}
  m_AnchorMin: {x: 0, y: 0}
  m_AnchorMax: {x: 0, y: 0}
  m_AnchoredPosition: {x: 559.1, y: 311.6}
  m_SizeDelta: {x: 77.9, y: 62.8}
  m_Pivot: {x: 0.5, y: 0.5}
--- !u!114 &75214244
MonoBehaviour:
  m_ObjectHideFlags: 0
  m_PrefabParentObject: {fileID: 11421702, guid: d99555ac6ef80a44fb1e502556162913,
    type: 2}
  m_PrefabInternal: {fileID: 1332557531}
  m_GameObject: {fileID: 75214242}
  m_Enabled: 1
  m_EditorHideFlags: 0
  m_Script: {fileID: -765806418, guid: f5f67c52d1564df4a8936ccd202a3bd8, type: 3}
  m_Name: 
  m_EditorClassIdentifier: 
  m_Material: {fileID: 0}
  m_Color: {r: 0.99607843, g: 0.99607843, b: 0.99607843, a: 1}
  m_RaycastTarget: 1
  m_OnCullStateChanged:
    m_PersistentCalls:
      m_Calls: []
    m_TypeName: UnityEngine.UI.MaskableGraphic+CullStateChangedEvent, UnityEngine.UI,
      Version=1.0.0.0, Culture=neutral, PublicKeyToken=null
  m_Sprite: {fileID: 21300000, guid: 57f0feb9c22325a428aed5b9785af52a, type: 3}
  m_Type: 1
  m_PreserveAspect: 0
  m_FillCenter: 1
  m_FillMethod: 4
  m_FillAmount: 1
  m_FillClockwise: 1
  m_FillOrigin: 0
--- !u!222 &75214245
CanvasRenderer:
  m_ObjectHideFlags: 0
  m_PrefabParentObject: {fileID: 22221698, guid: d99555ac6ef80a44fb1e502556162913,
    type: 2}
  m_PrefabInternal: {fileID: 1332557531}
  m_GameObject: {fileID: 75214242}
--- !u!1 &100740743
GameObject:
  m_ObjectHideFlags: 0
  m_PrefabParentObject: {fileID: 121696, guid: d99555ac6ef80a44fb1e502556162913, type: 2}
  m_PrefabInternal: {fileID: 1332557531}
  serializedVersion: 5
  m_Component:
  - component: {fileID: 100740747}
  - component: {fileID: 100740746}
  - component: {fileID: 100740745}
  - component: {fileID: 100740744}
  m_Layer: 5
  m_Name: WeatherApp_3
  m_TagString: Untagged
  m_Icon: {fileID: 0}
  m_NavMeshLayer: 0
  m_StaticEditorFlags: 0
  m_IsActive: 1
--- !u!114 &100740744
MonoBehaviour:
  m_ObjectHideFlags: 0
  m_PrefabParentObject: {fileID: 11421694, guid: d99555ac6ef80a44fb1e502556162913,
    type: 2}
  m_PrefabInternal: {fileID: 1332557531}
  m_GameObject: {fileID: 100740743}
  m_Enabled: 1
  m_EditorHideFlags: 0
  m_Script: {fileID: 1301386320, guid: f5f67c52d1564df4a8936ccd202a3bd8, type: 3}
  m_Name: 
  m_EditorClassIdentifier: 
  m_IgnoreReversedGraphics: 1
  m_BlockingObjects: 0
  m_BlockingMask:
    serializedVersion: 2
    m_Bits: 4294967295
--- !u!114 &100740745
MonoBehaviour:
  m_ObjectHideFlags: 0
  m_PrefabParentObject: {fileID: 11421696, guid: d99555ac6ef80a44fb1e502556162913,
    type: 2}
  m_PrefabInternal: {fileID: 1332557531}
  m_GameObject: {fileID: 100740743}
  m_Enabled: 1
  m_EditorHideFlags: 0
  m_Script: {fileID: 1980459831, guid: f5f67c52d1564df4a8936ccd202a3bd8, type: 3}
  m_Name: 
  m_EditorClassIdentifier: 
  m_UiScaleMode: 1
  m_ReferencePixelsPerUnit: 100
  m_ScaleFactor: 1
  m_ReferenceResolution: {x: 640, y: 1136}
  m_ScreenMatchMode: 0
  m_MatchWidthOrHeight: 1
  m_PhysicalUnit: 3
  m_FallbackScreenDPI: 96
  m_DefaultSpriteDPI: 96
  m_DynamicPixelsPerUnit: 1
--- !u!223 &100740746
Canvas:
  m_ObjectHideFlags: 0
  m_PrefabParentObject: {fileID: 22321688, guid: d99555ac6ef80a44fb1e502556162913,
    type: 2}
  m_PrefabInternal: {fileID: 1332557531}
  m_GameObject: {fileID: 100740743}
  m_Enabled: 1
  serializedVersion: 3
  m_RenderMode: 0
  m_Camera: {fileID: 0}
  m_PlaneDistance: 100
  m_PixelPerfect: 1
  m_ReceivesEvents: 1
  m_OverrideSorting: 0
  m_OverridePixelPerfect: 0
  m_SortingBucketNormalizedSize: 0
  m_AdditionalShaderChannelsFlag: 25
  m_SortingLayerID: 0
  m_SortingOrder: 0
  m_TargetDisplay: 0
--- !u!224 &100740747
RectTransform:
  m_ObjectHideFlags: 0
  m_PrefabParentObject: {fileID: 22421696, guid: d99555ac6ef80a44fb1e502556162913,
    type: 2}
  m_PrefabInternal: {fileID: 1332557531}
  m_GameObject: {fileID: 100740743}
  m_LocalRotation: {x: 0, y: 0, z: 0, w: 1}
  m_LocalPosition: {x: 0, y: 0, z: 0}
  m_LocalScale: {x: 0, y: 0, z: 0}
  m_Children:
  - {fileID: 924066915}
  - {fileID: 1583756403}
  - {fileID: 5205699}
  m_Father: {fileID: 0}
  m_RootOrder: 0
  m_LocalEulerAnglesHint: {x: 0, y: 0, z: 0}
  m_AnchorMin: {x: 0, y: 0}
  m_AnchorMax: {x: 0, y: 0}
  m_AnchoredPosition: {x: 0, y: 0}
  m_SizeDelta: {x: 0, y: 0}
  m_Pivot: {x: 0, y: 0}
--- !u!1 &194309189
GameObject:
  m_ObjectHideFlags: 0
  m_PrefabParentObject: {fileID: 121704, guid: d99555ac6ef80a44fb1e502556162913, type: 2}
  m_PrefabInternal: {fileID: 1332557531}
  serializedVersion: 5
  m_Component:
  - component: {fileID: 194309190}
  - component: {fileID: 194309192}
  - component: {fileID: 194309191}
  m_Layer: 5
  m_Name: Text
  m_TagString: Untagged
  m_Icon: {fileID: 0}
  m_NavMeshLayer: 0
  m_StaticEditorFlags: 0
  m_IsActive: 1
--- !u!224 &194309190
RectTransform:
  m_ObjectHideFlags: 0
  m_PrefabParentObject: {fileID: 22421704, guid: d99555ac6ef80a44fb1e502556162913,
    type: 2}
  m_PrefabInternal: {fileID: 1332557531}
  m_GameObject: {fileID: 194309189}
  m_LocalRotation: {x: 0, y: 0, z: 0, w: 1}
  m_LocalPosition: {x: 0, y: 0, z: 0}
  m_LocalScale: {x: 1, y: 1, z: 1}
  m_Children: []
  m_Father: {fileID: 5205699}
  m_RootOrder: 1
  m_LocalEulerAnglesHint: {x: 0, y: 0, z: 0}
  m_AnchorMin: {x: 0.5, y: 0.5}
  m_AnchorMax: {x: 0.5, y: 0.5}
  m_AnchoredPosition: {x: 0, y: 0}
  m_SizeDelta: {x: 167, y: 99}
  m_Pivot: {x: 0.5, y: 0.5}
--- !u!114 &194309191
MonoBehaviour:
  m_ObjectHideFlags: 0
  m_PrefabParentObject: {fileID: 11421704, guid: d99555ac6ef80a44fb1e502556162913,
    type: 2}
  m_PrefabInternal: {fileID: 1332557531}
  m_GameObject: {fileID: 194309189}
  m_Enabled: 1
  m_EditorHideFlags: 0
  m_Script: {fileID: 708705254, guid: f5f67c52d1564df4a8936ccd202a3bd8, type: 3}
  m_Name: 
  m_EditorClassIdentifier: 
  m_Material: {fileID: 0}
  m_Color: {r: 0.2, g: 0.2, b: 0.2, a: 1}
  m_RaycastTarget: 1
  m_OnCullStateChanged:
    m_PersistentCalls:
      m_Calls: []
    m_TypeName: UnityEngine.UI.MaskableGraphic+CullStateChangedEvent, UnityEngine.UI,
      Version=1.0.0.0, Culture=neutral, PublicKeyToken=null
  m_FontData:
    m_Font: {fileID: 12800000, guid: 218956a5c2a6e42d6a60afccf80b002b, type: 3}
    m_FontSize: 26
    m_FontStyle: 0
    m_BestFit: 0
    m_MinSize: 10
    m_MaxSize: 40
    m_Alignment: 4
    m_AlignByGeometry: 0
    m_RichText: 1
    m_HorizontalOverflow: 0
    m_VerticalOverflow: 0
    m_LineSpacing: 1
  m_Text: Los Angeles
--- !u!222 &194309192
CanvasRenderer:
  m_ObjectHideFlags: 0
  m_PrefabParentObject: {fileID: 22221700, guid: d99555ac6ef80a44fb1e502556162913,
    type: 2}
  m_PrefabInternal: {fileID: 1332557531}
  m_GameObject: {fileID: 194309189}
--- !u!1 &212605304
GameObject:
  m_ObjectHideFlags: 0
  m_PrefabParentObject: {fileID: 121716, guid: d99555ac6ef80a44fb1e502556162913, type: 2}
  m_PrefabInternal: {fileID: 1332557531}
  serializedVersion: 5
  m_Component:
  - component: {fileID: 212605305}
  - component: {fileID: 212605307}
  - component: {fileID: 212605306}
  m_Layer: 5
  m_Name: Icon
  m_TagString: Untagged
  m_Icon: {fileID: 0}
  m_NavMeshLayer: 0
  m_StaticEditorFlags: 0
  m_IsActive: 1
--- !u!224 &212605305
RectTransform:
  m_ObjectHideFlags: 0
  m_PrefabParentObject: {fileID: 22421716, guid: d99555ac6ef80a44fb1e502556162913,
    type: 2}
  m_PrefabInternal: {fileID: 1332557531}
  m_GameObject: {fileID: 212605304}
  m_LocalRotation: {x: 0, y: 0, z: 0, w: 1}
  m_LocalPosition: {x: 0, y: 0, z: 0}
  m_LocalScale: {x: 1, y: 1, z: 1}
  m_Children: []
  m_Father: {fileID: 487129357}
  m_RootOrder: 1
  m_LocalEulerAnglesHint: {x: 0, y: 0, z: 0}
  m_AnchorMin: {x: 0, y: 0}
  m_AnchorMax: {x: 0, y: 0}
  m_AnchoredPosition: {x: 61.6, y: 42.9}
  m_SizeDelta: {x: 12.1, y: 11.9}
  m_Pivot: {x: 0.5, y: 0.5}
--- !u!114 &212605306
MonoBehaviour:
  m_ObjectHideFlags: 0
  m_PrefabParentObject: {fileID: 11421718, guid: d99555ac6ef80a44fb1e502556162913,
    type: 2}
  m_PrefabInternal: {fileID: 1332557531}
  m_GameObject: {fileID: 212605304}
  m_Enabled: 1
  m_EditorHideFlags: 0
  m_Script: {fileID: -765806418, guid: f5f67c52d1564df4a8936ccd202a3bd8, type: 3}
  m_Name: 
  m_EditorClassIdentifier: 
  m_Material: {fileID: 0}
  m_Color: {r: 0.99607843, g: 0.99607843, b: 0.99607843, a: 1}
  m_RaycastTarget: 1
  m_OnCullStateChanged:
    m_PersistentCalls:
      m_Calls: []
    m_TypeName: UnityEngine.UI.MaskableGraphic+CullStateChangedEvent, UnityEngine.UI,
      Version=1.0.0.0, Culture=neutral, PublicKeyToken=null
  m_Sprite: {fileID: 21300000, guid: e54426690f7fe4b45a912e560184a5e5, type: 3}
  m_Type: 0
  m_PreserveAspect: 0
  m_FillCenter: 1
  m_FillMethod: 4
  m_FillAmount: 1
  m_FillClockwise: 1
  m_FillOrigin: 0
--- !u!222 &212605307
CanvasRenderer:
  m_ObjectHideFlags: 0
  m_PrefabParentObject: {fileID: 22221712, guid: d99555ac6ef80a44fb1e502556162913,
    type: 2}
  m_PrefabInternal: {fileID: 1332557531}
  m_GameObject: {fileID: 212605304}
--- !u!1 &235115370
GameObject:
  m_ObjectHideFlags: 0
  m_PrefabParentObject: {fileID: 121706, guid: d99555ac6ef80a44fb1e502556162913, type: 2}
  m_PrefabInternal: {fileID: 1332557531}
  serializedVersion: 5
  m_Component:
  - component: {fileID: 235115371}
  - component: {fileID: 235115373}
  - component: {fileID: 235115372}
  m_Layer: 5
  m_Name: Icon
  m_TagString: Untagged
  m_Icon: {fileID: 0}
  m_NavMeshLayer: 0
  m_StaticEditorFlags: 0
  m_IsActive: 1
--- !u!224 &235115371
RectTransform:
  m_ObjectHideFlags: 0
  m_PrefabParentObject: {fileID: 22421706, guid: d99555ac6ef80a44fb1e502556162913,
    type: 2}
  m_PrefabInternal: {fileID: 1332557531}
  m_GameObject: {fileID: 235115370}
  m_LocalRotation: {x: 0, y: 0, z: 0, w: 1}
  m_LocalPosition: {x: 0, y: 0, z: 0}
  m_LocalScale: {x: 1, y: 1, z: 1}
  m_Children: []
  m_Father: {fileID: 1845139796}
  m_RootOrder: 0
  m_LocalEulerAnglesHint: {x: 0, y: 0, z: 0}
  m_AnchorMin: {x: 0, y: 0}
  m_AnchorMax: {x: 0, y: 0}
  m_AnchoredPosition: {x: 184, y: 223.79993}
  m_SizeDelta: {x: 227, y: 197}
  m_Pivot: {x: 0.5, y: 0.5}
--- !u!114 &235115372
MonoBehaviour:
  m_ObjectHideFlags: 0
  m_PrefabParentObject: {fileID: 11421706, guid: d99555ac6ef80a44fb1e502556162913,
    type: 2}
  m_PrefabInternal: {fileID: 1332557531}
  m_GameObject: {fileID: 235115370}
  m_Enabled: 1
  m_EditorHideFlags: 0
  m_Script: {fileID: -765806418, guid: f5f67c52d1564df4a8936ccd202a3bd8, type: 3}
  m_Name: 
  m_EditorClassIdentifier: 
  m_Material: {fileID: 0}
  m_Color: {r: 0.99607843, g: 0.99607843, b: 0.99607843, a: 1}
  m_RaycastTarget: 1
  m_OnCullStateChanged:
    m_PersistentCalls:
      m_Calls: []
    m_TypeName: UnityEngine.UI.MaskableGraphic+CullStateChangedEvent, UnityEngine.UI,
      Version=1.0.0.0, Culture=neutral, PublicKeyToken=null
  m_Sprite: {fileID: 21300000, guid: 85983cedfc874aa49a5162ddb24fb7cd, type: 3}
  m_Type: 0
  m_PreserveAspect: 0
  m_FillCenter: 1
  m_FillMethod: 4
  m_FillAmount: 1
  m_FillClockwise: 1
  m_FillOrigin: 0
--- !u!222 &235115373
CanvasRenderer:
  m_ObjectHideFlags: 0
  m_PrefabParentObject: {fileID: 22221702, guid: d99555ac6ef80a44fb1e502556162913,
    type: 2}
  m_PrefabInternal: {fileID: 1332557531}
  m_GameObject: {fileID: 235115370}
--- !u!1 &263523493
GameObject:
  m_ObjectHideFlags: 0
  m_PrefabParentObject: {fileID: 121708, guid: d99555ac6ef80a44fb1e502556162913, type: 2}
  m_PrefabInternal: {fileID: 1332557531}
  serializedVersion: 5
  m_Component:
  - component: {fileID: 263523494}
  - component: {fileID: 263523497}
  - component: {fileID: 263523496}
  - component: {fileID: 263523495}
  m_Layer: 5
  m_Name: Dot
  m_TagString: Untagged
  m_Icon: {fileID: 0}
  m_NavMeshLayer: 0
  m_StaticEditorFlags: 0
  m_IsActive: 1
--- !u!224 &263523494
RectTransform:
  m_ObjectHideFlags: 0
  m_PrefabParentObject: {fileID: 22421708, guid: d99555ac6ef80a44fb1e502556162913,
    type: 2}
  m_PrefabInternal: {fileID: 1332557531}
  m_GameObject: {fileID: 263523493}
  m_LocalRotation: {x: 0, y: 0, z: 0, w: 1}
  m_LocalPosition: {x: 0, y: 0, z: 0}
  m_LocalScale: {x: 1, y: 1, z: 1}
  m_Children: []
  m_Father: {fileID: 5205699}
  m_RootOrder: 0
  m_LocalEulerAnglesHint: {x: 0, y: 0, z: 0}
  m_AnchorMin: {x: 0.5, y: 0.5}
  m_AnchorMax: {x: 0.5, y: 0.5}
  m_AnchoredPosition: {x: 269, y: -1.0770283}
  m_SizeDelta: {x: 30, y: 39.654}
  m_Pivot: {x: 0.5, y: 0.5}
--- !u!114 &263523495
MonoBehaviour:
  m_ObjectHideFlags: 0
  m_PrefabParentObject: {fileID: 11421708, guid: d99555ac6ef80a44fb1e502556162913,
    type: 2}
  m_PrefabInternal: {fileID: 1332557531}
  m_GameObject: {fileID: 263523493}
  m_Enabled: 1
  m_EditorHideFlags: 0
  m_Script: {fileID: 1392445389, guid: f5f67c52d1564df4a8936ccd202a3bd8, type: 3}
  m_Name: 
  m_EditorClassIdentifier: 
  m_Navigation:
    m_Mode: 3
    m_SelectOnUp: {fileID: 0}
    m_SelectOnDown: {fileID: 0}
    m_SelectOnLeft: {fileID: 0}
    m_SelectOnRight: {fileID: 0}
  m_Transition: 1
  m_Colors:
    m_NormalColor: {r: 1, g: 1, b: 1, a: 1}
    m_HighlightedColor: {r: 0.9607843, g: 0.9607843, b: 0.9607843, a: 1}
    m_PressedColor: {r: 0.78431374, g: 0.78431374, b: 0.78431374, a: 1}
    m_DisabledColor: {r: 0.78431374, g: 0.78431374, b: 0.78431374, a: 0.5019608}
    m_ColorMultiplier: 1
    m_FadeDuration: 0.1
  m_SpriteState:
    m_HighlightedSprite: {fileID: 0}
    m_PressedSprite: {fileID: 0}
    m_DisabledSprite: {fileID: 0}
  m_AnimationTriggers:
    m_NormalTrigger: Normal
    m_HighlightedTrigger: Highlighted
    m_PressedTrigger: Pressed
    m_DisabledTrigger: Disabled
  m_Interactable: 1
  m_TargetGraphic: {fileID: 263523496}
  m_OnClick:
    m_PersistentCalls:
      m_Calls: []
    m_TypeName: UnityEngine.UI.Button+ButtonClickedEvent, UnityEngine.UI, Version=1.0.0.0,
      Culture=neutral, PublicKeyToken=null
--- !u!114 &263523496
MonoBehaviour:
  m_ObjectHideFlags: 0
  m_PrefabParentObject: {fileID: 11421710, guid: d99555ac6ef80a44fb1e502556162913,
    type: 2}
  m_PrefabInternal: {fileID: 1332557531}
  m_GameObject: {fileID: 263523493}
  m_Enabled: 1
  m_EditorHideFlags: 0
  m_Script: {fileID: -765806418, guid: f5f67c52d1564df4a8936ccd202a3bd8, type: 3}
  m_Name: 
  m_EditorClassIdentifier: 
  m_Material: {fileID: 0}
  m_Color: {r: 0.972549, g: 0.5137255, b: 0.4392157, a: 1}
  m_RaycastTarget: 1
  m_OnCullStateChanged:
    m_PersistentCalls:
      m_Calls: []
    m_TypeName: UnityEngine.UI.MaskableGraphic+CullStateChangedEvent, UnityEngine.UI,
      Version=1.0.0.0, Culture=neutral, PublicKeyToken=null
  m_Sprite: {fileID: 21300000, guid: 30ec3fa844e3541f69a9fe7b2e259652, type: 3}
  m_Type: 0
  m_PreserveAspect: 0
  m_FillCenter: 1
  m_FillMethod: 4
  m_FillAmount: 1
  m_FillClockwise: 1
  m_FillOrigin: 0
--- !u!222 &263523497
CanvasRenderer:
  m_ObjectHideFlags: 0
  m_PrefabParentObject: {fileID: 22221704, guid: d99555ac6ef80a44fb1e502556162913,
    type: 2}
  m_PrefabInternal: {fileID: 1332557531}
  m_GameObject: {fileID: 263523493}
--- !u!1 &379226944
GameObject:
  m_ObjectHideFlags: 0
  m_PrefabParentObject: {fileID: 121732, guid: d99555ac6ef80a44fb1e502556162913, type: 2}
  m_PrefabInternal: {fileID: 1332557531}
  serializedVersion: 5
  m_Component:
  - component: {fileID: 379226945}
  - component: {fileID: 379226947}
  - component: {fileID: 379226946}
  m_Layer: 5
  m_Name: Icon
  m_TagString: Untagged
  m_Icon: {fileID: 0}
  m_NavMeshLayer: 0
  m_StaticEditorFlags: 0
  m_IsActive: 1
--- !u!224 &379226945
RectTransform:
  m_ObjectHideFlags: 0
  m_PrefabParentObject: {fileID: 22421732, guid: d99555ac6ef80a44fb1e502556162913,
    type: 2}
  m_PrefabInternal: {fileID: 1332557531}
  m_GameObject: {fileID: 379226944}
  m_LocalRotation: {x: 0, y: 0, z: 0, w: 1}
  m_LocalPosition: {x: 0, y: 0, z: 0}
  m_LocalScale: {x: 1, y: 1, z: 1}
  m_Children:
  - {fileID: 1449912146}
  m_Father: {fileID: 1845139796}
  m_RootOrder: 4
  m_LocalEulerAnglesHint: {x: 0, y: 0, z: 0}
  m_AnchorMin: {x: 0, y: 0}
  m_AnchorMax: {x: 0, y: 0}
  m_AnchoredPosition: {x: 426.8, y: 62.599854}
  m_SizeDelta: {x: 32.9, y: 42.911}
  m_Pivot: {x: 0.5, y: 0.5}
--- !u!114 &379226946
MonoBehaviour:
  m_ObjectHideFlags: 0
  m_PrefabParentObject: {fileID: 11421732, guid: d99555ac6ef80a44fb1e502556162913,
    type: 2}
  m_PrefabInternal: {fileID: 1332557531}
  m_GameObject: {fileID: 379226944}
  m_Enabled: 1
  m_EditorHideFlags: 0
  m_Script: {fileID: -765806418, guid: f5f67c52d1564df4a8936ccd202a3bd8, type: 3}
  m_Name: 
  m_EditorClassIdentifier: 
  m_Material: {fileID: 0}
  m_Color: {r: 1, g: 1, b: 1, a: 0.3254902}
  m_RaycastTarget: 1
  m_OnCullStateChanged:
    m_PersistentCalls:
      m_Calls: []
    m_TypeName: UnityEngine.UI.MaskableGraphic+CullStateChangedEvent, UnityEngine.UI,
      Version=1.0.0.0, Culture=neutral, PublicKeyToken=null
  m_Sprite: {fileID: 21300000, guid: 73743ce9c497b4c9d9cd5103ae1fc4a3, type: 3}
  m_Type: 0
  m_PreserveAspect: 0
  m_FillCenter: 1
  m_FillMethod: 4
  m_FillAmount: 1
  m_FillClockwise: 1
  m_FillOrigin: 0
--- !u!222 &379226947
CanvasRenderer:
  m_ObjectHideFlags: 0
  m_PrefabParentObject: {fileID: 22221726, guid: d99555ac6ef80a44fb1e502556162913,
    type: 2}
  m_PrefabInternal: {fileID: 1332557531}
  m_GameObject: {fileID: 379226944}
--- !u!1 &411179966
GameObject:
  m_ObjectHideFlags: 0
  m_PrefabParentObject: {fileID: 121730, guid: d99555ac6ef80a44fb1e502556162913, type: 2}
  m_PrefabInternal: {fileID: 1332557531}
  serializedVersion: 5
  m_Component:
  - component: {fileID: 411179967}
  - component: {fileID: 411179969}
  - component: {fileID: 411179968}
  m_Layer: 5
  m_Name: Line
  m_TagString: Untagged
  m_Icon: {fileID: 0}
  m_NavMeshLayer: 0
  m_StaticEditorFlags: 0
  m_IsActive: 1
--- !u!224 &411179967
RectTransform:
  m_ObjectHideFlags: 0
  m_PrefabParentObject: {fileID: 22421730, guid: d99555ac6ef80a44fb1e502556162913,
    type: 2}
  m_PrefabInternal: {fileID: 1332557531}
  m_GameObject: {fileID: 411179966}
  m_LocalRotation: {x: 0, y: 0, z: 0, w: 1}
  m_LocalPosition: {x: 0, y: 0, z: 0}
  m_LocalScale: {x: 1, y: 1, z: 1}
  m_Children: []
  m_Father: {fileID: 655474985}
  m_RootOrder: 3
  m_LocalEulerAnglesHint: {x: 0, y: 0, z: 0}
  m_AnchorMin: {x: 0.5, y: 0.5}
  m_AnchorMax: {x: 0.5, y: 0.5}
  m_AnchoredPosition: {x: -288, y: -36}
  m_SizeDelta: {x: 64.1, y: 2}
  m_Pivot: {x: 0.5, y: 0.5}
--- !u!114 &411179968
MonoBehaviour:
  m_ObjectHideFlags: 0
  m_PrefabParentObject: {fileID: 11421730, guid: d99555ac6ef80a44fb1e502556162913,
    type: 2}
  m_PrefabInternal: {fileID: 1332557531}
  m_GameObject: {fileID: 411179966}
  m_Enabled: 1
  m_EditorHideFlags: 0
  m_Script: {fileID: -765806418, guid: f5f67c52d1564df4a8936ccd202a3bd8, type: 3}
  m_Name: 
  m_EditorClassIdentifier: 
  m_Material: {fileID: 0}
  m_Color: {r: 0.99215686, g: 0.99215686, b: 0.99215686, a: 1}
  m_RaycastTarget: 1
  m_OnCullStateChanged:
    m_PersistentCalls:
      m_Calls: []
    m_TypeName: UnityEngine.UI.MaskableGraphic+CullStateChangedEvent, UnityEngine.UI,
      Version=1.0.0.0, Culture=neutral, PublicKeyToken=null
  m_Sprite: {fileID: 21300000, guid: 7ed1238760b863f4aafde32ab3a6f28c, type: 3}
  m_Type: 1
  m_PreserveAspect: 0
  m_FillCenter: 1
  m_FillMethod: 4
  m_FillAmount: 1
  m_FillClockwise: 1
  m_FillOrigin: 0
--- !u!222 &411179969
CanvasRenderer:
  m_ObjectHideFlags: 0
  m_PrefabParentObject: {fileID: 22221724, guid: d99555ac6ef80a44fb1e502556162913,
    type: 2}
  m_PrefabInternal: {fileID: 1332557531}
  m_GameObject: {fileID: 411179966}
--- !u!1 &477389124
GameObject:
  m_ObjectHideFlags: 0
  m_PrefabParentObject: {fileID: 121712, guid: d99555ac6ef80a44fb1e502556162913, type: 2}
  m_PrefabInternal: {fileID: 1332557531}
  serializedVersion: 5
  m_Component:
  - component: {fileID: 477389125}
  - component: {fileID: 477389127}
  - component: {fileID: 477389126}
  m_Layer: 5
  m_Name: Icon
  m_TagString: Untagged
  m_Icon: {fileID: 0}
  m_NavMeshLayer: 0
  m_StaticEditorFlags: 0
  m_IsActive: 1
--- !u!224 &477389125
RectTransform:
  m_ObjectHideFlags: 0
  m_PrefabParentObject: {fileID: 22421712, guid: d99555ac6ef80a44fb1e502556162913,
    type: 2}
  m_PrefabInternal: {fileID: 1332557531}
  m_GameObject: {fileID: 477389124}
  m_LocalRotation: {x: 0, y: 0, z: 0, w: 1}
  m_LocalPosition: {x: 0, y: 0, z: 0}
  m_LocalScale: {x: 1, y: 1, z: 1}
  m_Children: []
  m_Father: {fileID: 75214243}
  m_RootOrder: 1
  m_LocalEulerAnglesHint: {x: 0, y: 0, z: 0}
  m_AnchorMin: {x: 0, y: 0}
  m_AnchorMax: {x: 0, y: 0}
  m_AnchoredPosition: {x: 61.6, y: 42.9}
  m_SizeDelta: {x: 12.1, y: 11.9}
  m_Pivot: {x: 0.5, y: 0.5}
--- !u!114 &477389126
MonoBehaviour:
  m_ObjectHideFlags: 0
  m_PrefabParentObject: {fileID: 11421714, guid: d99555ac6ef80a44fb1e502556162913,
    type: 2}
  m_PrefabInternal: {fileID: 1332557531}
  m_GameObject: {fileID: 477389124}
  m_Enabled: 1
  m_EditorHideFlags: 0
  m_Script: {fileID: -765806418, guid: f5f67c52d1564df4a8936ccd202a3bd8, type: 3}
  m_Name: 
  m_EditorClassIdentifier: 
  m_Material: {fileID: 0}
  m_Color: {r: 0.99607843, g: 0.99607843, b: 0.99607843, a: 1}
  m_RaycastTarget: 1
  m_OnCullStateChanged:
    m_PersistentCalls:
      m_Calls: []
    m_TypeName: UnityEngine.UI.MaskableGraphic+CullStateChangedEvent, UnityEngine.UI,
      Version=1.0.0.0, Culture=neutral, PublicKeyToken=null
  m_Sprite: {fileID: 21300000, guid: e54426690f7fe4b45a912e560184a5e5, type: 3}
  m_Type: 0
  m_PreserveAspect: 0
  m_FillCenter: 1
  m_FillMethod: 4
  m_FillAmount: 1
  m_FillClockwise: 1
  m_FillOrigin: 0
--- !u!222 &477389127
CanvasRenderer:
  m_ObjectHideFlags: 0
  m_PrefabParentObject: {fileID: 22221708, guid: d99555ac6ef80a44fb1e502556162913,
    type: 2}
  m_PrefabInternal: {fileID: 1332557531}
  m_GameObject: {fileID: 477389124}
--- !u!1 &487129356
GameObject:
  m_ObjectHideFlags: 0
  m_PrefabParentObject: {fileID: 121734, guid: d99555ac6ef80a44fb1e502556162913, type: 2}
  m_PrefabInternal: {fileID: 1332557531}
  serializedVersion: 5
  m_Component:
  - component: {fileID: 487129357}
  - component: {fileID: 487129359}
  - component: {fileID: 487129358}
  m_Layer: 5
  m_Name: Icon
  m_TagString: Untagged
  m_Icon: {fileID: 0}
  m_NavMeshLayer: 0
  m_StaticEditorFlags: 0
  m_IsActive: 1
--- !u!224 &487129357
RectTransform:
  m_ObjectHideFlags: 0
  m_PrefabParentObject: {fileID: 22421734, guid: d99555ac6ef80a44fb1e502556162913,
    type: 2}
  m_PrefabInternal: {fileID: 1332557531}
  m_GameObject: {fileID: 487129356}
  m_LocalRotation: {x: 0, y: 0, z: 0, w: 1}
  m_LocalPosition: {x: 0, y: 0, z: 0}
  m_LocalScale: {x: 1, y: 1, z: 1}
  m_Children:
  - {fileID: 862795753}
  - {fileID: 212605305}
  m_Father: {fileID: 655474985}
  m_RootOrder: 1
  m_LocalEulerAnglesHint: {x: 0, y: 0, z: 0}
  m_AnchorMin: {x: 0, y: 0}
  m_AnchorMax: {x: 0, y: 0}
  m_AnchoredPosition: {x: 323.7, y: 134.19975}
  m_SizeDelta: {x: 77.9, y: 62.8}
  m_Pivot: {x: 0.5, y: 0.5}
--- !u!114 &487129358
MonoBehaviour:
  m_ObjectHideFlags: 0
  m_PrefabParentObject: {fileID: 11421734, guid: d99555ac6ef80a44fb1e502556162913,
    type: 2}
  m_PrefabInternal: {fileID: 1332557531}
  m_GameObject: {fileID: 487129356}
  m_Enabled: 1
  m_EditorHideFlags: 0
  m_Script: {fileID: -765806418, guid: f5f67c52d1564df4a8936ccd202a3bd8, type: 3}
  m_Name: 
  m_EditorClassIdentifier: 
  m_Material: {fileID: 0}
  m_Color: {r: 0.99607843, g: 0.99607843, b: 0.99607843, a: 1}
  m_RaycastTarget: 1
  m_OnCullStateChanged:
    m_PersistentCalls:
      m_Calls: []
    m_TypeName: UnityEngine.UI.MaskableGraphic+CullStateChangedEvent, UnityEngine.UI,
      Version=1.0.0.0, Culture=neutral, PublicKeyToken=null
  m_Sprite: {fileID: 21300000, guid: 57f0feb9c22325a428aed5b9785af52a, type: 3}
  m_Type: 1
  m_PreserveAspect: 0
  m_FillCenter: 1
  m_FillMethod: 4
  m_FillAmount: 1
  m_FillClockwise: 1
  m_FillOrigin: 0
--- !u!222 &487129359
CanvasRenderer:
  m_ObjectHideFlags: 0
  m_PrefabParentObject: {fileID: 22221728, guid: d99555ac6ef80a44fb1e502556162913,
    type: 2}
  m_PrefabInternal: {fileID: 1332557531}
  m_GameObject: {fileID: 487129356}
--- !u!1 &622754664
GameObject:
  m_ObjectHideFlags: 0
  m_PrefabParentObject: {fileID: 121692, guid: d99555ac6ef80a44fb1e502556162913, type: 2}
  m_PrefabInternal: {fileID: 1332557531}
  serializedVersion: 5
  m_Component:
  - component: {fileID: 622754665}
  - component: {fileID: 622754667}
  - component: {fileID: 622754666}
  m_Layer: 5
  m_Name: AppTitle
  m_TagString: Untagged
  m_Icon: {fileID: 0}
  m_NavMeshLayer: 0
  m_StaticEditorFlags: 0
  m_IsActive: 1
--- !u!224 &622754665
RectTransform:
  m_ObjectHideFlags: 0
  m_PrefabParentObject: {fileID: 22421692, guid: d99555ac6ef80a44fb1e502556162913,
    type: 2}
  m_PrefabInternal: {fileID: 1332557531}
  m_GameObject: {fileID: 622754664}
  m_LocalRotation: {x: 0, y: 0, z: 0, w: 1}
  m_LocalPosition: {x: 0, y: 0, z: 0}
  m_LocalScale: {x: 1, y: 1, z: 1}
  m_Children: []
  m_Father: {fileID: 924066915}
  m_RootOrder: 0
  m_LocalEulerAnglesHint: {x: 0, y: 0, z: 0}
  m_AnchorMin: {x: 0.5, y: 0.5}
  m_AnchorMax: {x: 0.5, y: 0.5}
  m_AnchoredPosition: {x: -0.0049991608, y: -109}
  m_SizeDelta: {x: 695, y: 109}
  m_Pivot: {x: 0.5, y: 0.5}
--- !u!114 &622754666
MonoBehaviour:
  m_ObjectHideFlags: 0
  m_PrefabParentObject: {fileID: 11421690, guid: d99555ac6ef80a44fb1e502556162913,
    type: 2}
  m_PrefabInternal: {fileID: 1332557531}
  m_GameObject: {fileID: 622754664}
  m_Enabled: 1
  m_EditorHideFlags: 0
  m_Script: {fileID: 708705254, guid: f5f67c52d1564df4a8936ccd202a3bd8, type: 3}
  m_Name: 
  m_EditorClassIdentifier: 
  m_Material: {fileID: 0}
  m_Color: {r: 0.85490197, g: 0.85490197, b: 0.85490197, a: 1}
  m_RaycastTarget: 1
  m_OnCullStateChanged:
    m_PersistentCalls:
      m_Calls: []
    m_TypeName: UnityEngine.UI.MaskableGraphic+CullStateChangedEvent, UnityEngine.UI,
      Version=1.0.0.0, Culture=neutral, PublicKeyToken=null
  m_FontData:
    m_Font: {fileID: 12800000, guid: 218956a5c2a6e42d6a60afccf80b002b, type: 3}
    m_FontSize: 40
    m_FontStyle: 0
    m_BestFit: 0
    m_MinSize: 10
    m_MaxSize: 40
    m_Alignment: 0
    m_AlignByGeometry: 0
    m_RichText: 1
    m_HorizontalOverflow: 0
    m_VerticalOverflow: 1
    m_LineSpacing: 1
  m_Text: APP SAMPLE
--- !u!222 &622754667
CanvasRenderer:
  m_ObjectHideFlags: 0
  m_PrefabParentObject: {fileID: 22221690, guid: d99555ac6ef80a44fb1e502556162913,
    type: 2}
  m_PrefabInternal: {fileID: 1332557531}
  m_GameObject: {fileID: 622754664}
--- !u!1 &628875009
GameObject:
  m_ObjectHideFlags: 0
  m_PrefabParentObject: {fileID: 121740, guid: d99555ac6ef80a44fb1e502556162913, type: 2}
  m_PrefabInternal: {fileID: 1332557531}
  serializedVersion: 5
  m_Component:
  - component: {fileID: 628875010}
  - component: {fileID: 628875012}
  - component: {fileID: 628875011}
  m_Layer: 5
  m_Name: Text
  m_TagString: Untagged
  m_Icon: {fileID: 0}
  m_NavMeshLayer: 0
  m_StaticEditorFlags: 0
  m_IsActive: 1
--- !u!224 &628875010
RectTransform:
  m_ObjectHideFlags: 0
  m_PrefabParentObject: {fileID: 22421740, guid: d99555ac6ef80a44fb1e502556162913,
    type: 2}
  m_PrefabInternal: {fileID: 1332557531}
  m_GameObject: {fileID: 628875009}
  m_LocalRotation: {x: 0, y: 0, z: 0, w: 1}
  m_LocalPosition: {x: 0, y: 0, z: 0}
  m_LocalScale: {x: 1, y: 1, z: 1}
  m_Children: []
  m_Father: {fileID: 1845139796}
  m_RootOrder: 1
  m_LocalEulerAnglesHint: {x: 0, y: 0, z: 0}
  m_AnchorMin: {x: 0.5, y: 0.5}
  m_AnchorMax: {x: 0.5, y: 0.5}
  m_AnchoredPosition: {x: 160, y: -72.1001}
  m_SizeDelta: {x: 317, y: 244}
  m_Pivot: {x: 0.5, y: 0.5}
--- !u!114 &628875011
MonoBehaviour:
  m_ObjectHideFlags: 0
  m_PrefabParentObject: {fileID: 11421740, guid: d99555ac6ef80a44fb1e502556162913,
    type: 2}
  m_PrefabInternal: {fileID: 1332557531}
  m_GameObject: {fileID: 628875009}
  m_Enabled: 1
  m_EditorHideFlags: 0
  m_Script: {fileID: 708705254, guid: f5f67c52d1564df4a8936ccd202a3bd8, type: 3}
  m_Name: 
  m_EditorClassIdentifier: 
  m_Material: {fileID: 0}
  m_Color: {r: 0.99215686, g: 0.99215686, b: 0.99215686, a: 1}
  m_RaycastTarget: 1
  m_OnCullStateChanged:
    m_PersistentCalls:
      m_Calls: []
    m_TypeName: UnityEngine.UI.MaskableGraphic+CullStateChangedEvent, UnityEngine.UI,
      Version=1.0.0.0, Culture=neutral, PublicKeyToken=null
  m_FontData:
    m_Font: {fileID: 12800000, guid: bd1ea67ca2b5742d1a24fcbdc17c55e1, type: 3}
    m_FontSize: 160
    m_FontStyle: 0
    m_BestFit: 0
    m_MinSize: 10
    m_MaxSize: 160
    m_Alignment: 0
    m_AlignByGeometry: 0
    m_RichText: 1
    m_HorizontalOverflow: 0
    m_VerticalOverflow: 0
    m_LineSpacing: 1
  m_Text: "64\u02DA"
--- !u!222 &628875012
CanvasRenderer:
  m_ObjectHideFlags: 0
  m_PrefabParentObject: {fileID: 22221734, guid: d99555ac6ef80a44fb1e502556162913,
    type: 2}
  m_PrefabInternal: {fileID: 1332557531}
  m_GameObject: {fileID: 628875009}
--- !u!1 &655474984
GameObject:
  m_ObjectHideFlags: 0
  m_PrefabParentObject: {fileID: 121726, guid: d99555ac6ef80a44fb1e502556162913, type: 2}
  m_PrefabInternal: {fileID: 1332557531}
  serializedVersion: 5
  m_Component:
  - component: {fileID: 655474985}
  m_Layer: 5
  m_Name: Chart
  m_TagString: Untagged
  m_Icon: {fileID: 0}
  m_NavMeshLayer: 0
  m_StaticEditorFlags: 0
  m_IsActive: 1
--- !u!224 &655474985
RectTransform:
  m_ObjectHideFlags: 0
  m_PrefabParentObject: {fileID: 22421726, guid: d99555ac6ef80a44fb1e502556162913,
    type: 2}
  m_PrefabInternal: {fileID: 1332557531}
  m_GameObject: {fileID: 655474984}
  m_LocalRotation: {x: 0, y: 0, z: 0, w: 1}
  m_LocalPosition: {x: 0, y: 0, z: 0}
  m_LocalScale: {x: 1, y: 1, z: 1}
  m_Children:
  - {fileID: 1925562142}
  - {fileID: 487129357}
  - {fileID: 75214243}
  - {fileID: 411179967}
  - {fileID: 1665159275}
  - {fileID: 1144503406}
  - {fileID: 1760400370}
  m_Father: {fileID: 1583756403}
  m_RootOrder: 1
  m_LocalEulerAnglesHint: {x: 0, y: 0, z: 0}
  m_AnchorMin: {x: 0.5, y: 0.5}
  m_AnchorMax: {x: 0.5, y: 0.5}
  m_AnchoredPosition: {x: 0, y: -256.6499}
  m_SizeDelta: {x: 640, y: 524.2}
  m_Pivot: {x: 0.5, y: 0.5}
--- !u!1 &676138891
GameObject:
  m_ObjectHideFlags: 0
  m_PrefabParentObject: {fileID: 121748, guid: d99555ac6ef80a44fb1e502556162913, type: 2}
  m_PrefabInternal: {fileID: 1332557531}
  serializedVersion: 5
  m_Component:
  - component: {fileID: 676138892}
  - component: {fileID: 676138894}
  - component: {fileID: 676138893}
  m_Layer: 5
  m_Name: Text
  m_TagString: Untagged
  m_Icon: {fileID: 0}
  m_NavMeshLayer: 0
  m_StaticEditorFlags: 0
  m_IsActive: 1
--- !u!224 &676138892
RectTransform:
  m_ObjectHideFlags: 0
  m_PrefabParentObject: {fileID: 22421748, guid: d99555ac6ef80a44fb1e502556162913,
    type: 2}
  m_PrefabInternal: {fileID: 1332557531}
  m_GameObject: {fileID: 676138891}
  m_LocalRotation: {x: 0, y: 0, z: 0, w: 1}
  m_LocalPosition: {x: 0, y: 0, z: 0}
  m_LocalScale: {x: 1, y: 1, z: 1}
  m_Children: []
  m_Father: {fileID: 1925562142}
  m_RootOrder: 0
  m_LocalEulerAnglesHint: {x: 0, y: 0, z: 0}
  m_AnchorMin: {x: 0.5, y: 0.5}
  m_AnchorMax: {x: 0.5, y: 0.5}
  m_AnchoredPosition: {x: -4.4, y: 0}
  m_SizeDelta: {x: 69, y: 62.8}
  m_Pivot: {x: 0.5, y: 0.5}
--- !u!114 &676138893
MonoBehaviour:
  m_ObjectHideFlags: 0
  m_PrefabParentObject: {fileID: 11421748, guid: d99555ac6ef80a44fb1e502556162913,
    type: 2}
  m_PrefabInternal: {fileID: 1332557531}
  m_GameObject: {fileID: 676138891}
  m_Enabled: 1
  m_EditorHideFlags: 0
  m_Script: {fileID: 708705254, guid: f5f67c52d1564df4a8936ccd202a3bd8, type: 3}
  m_Name: 
  m_EditorClassIdentifier: 
  m_Material: {fileID: 0}
  m_Color: {r: 0.99215686, g: 0.99215686, b: 0.99215686, a: 1}
  m_RaycastTarget: 1
  m_OnCullStateChanged:
    m_PersistentCalls:
      m_Calls: []
    m_TypeName: UnityEngine.UI.MaskableGraphic+CullStateChangedEvent, UnityEngine.UI,
      Version=1.0.0.0, Culture=neutral, PublicKeyToken=null
  m_FontData:
    m_Font: {fileID: 12800000, guid: 5c425d43bb0df45ca8eb162d5154251e, type: 3}
    m_FontSize: 35
    m_FontStyle: 0
    m_BestFit: 0
    m_MinSize: 10
    m_MaxSize: 40
    m_Alignment: 4
    m_AlignByGeometry: 0
    m_RichText: 1
    m_HorizontalOverflow: 0
    m_VerticalOverflow: 0
    m_LineSpacing: 1
  m_Text: 79
--- !u!222 &676138894
CanvasRenderer:
  m_ObjectHideFlags: 0
  m_PrefabParentObject: {fileID: 22221742, guid: d99555ac6ef80a44fb1e502556162913,
    type: 2}
  m_PrefabInternal: {fileID: 1332557531}
  m_GameObject: {fileID: 676138891}
--- !u!1 &722671489
GameObject:
  m_ObjectHideFlags: 0
  m_PrefabParentObject: {fileID: 121698, guid: d99555ac6ef80a44fb1e502556162913, type: 2}
  m_PrefabInternal: {fileID: 1332557531}
  serializedVersion: 5
  m_Component:
  - component: {fileID: 722671490}
  - component: {fileID: 722671492}
  - component: {fileID: 722671491}
  m_Layer: 5
  m_Name: Icon
  m_TagString: Untagged
  m_Icon: {fileID: 0}
  m_NavMeshLayer: 0
  m_StaticEditorFlags: 0
  m_IsActive: 1
--- !u!224 &722671490
RectTransform:
  m_ObjectHideFlags: 0
  m_PrefabParentObject: {fileID: 22421698, guid: d99555ac6ef80a44fb1e502556162913,
    type: 2}
  m_PrefabInternal: {fileID: 1332557531}
  m_GameObject: {fileID: 722671489}
  m_LocalRotation: {x: 0, y: 0, z: 0, w: 1}
  m_LocalPosition: {x: 0, y: 0, z: 0}
  m_LocalScale: {x: 1, y: 1, z: 1}
  m_Children:
  - {fileID: 1771127161}
  m_Father: {fileID: 1845139796}
  m_RootOrder: 2
  m_LocalEulerAnglesHint: {x: 0, y: 0, z: 0}
  m_AnchorMin: {x: 0, y: 0}
  m_AnchorMax: {x: 0, y: 0}
  m_AnchoredPosition: {x: 141.4, y: 62.599854}
  m_SizeDelta: {x: 35, y: 35}
  m_Pivot: {x: 0.5, y: 0.5}
--- !u!114 &722671491
MonoBehaviour:
  m_ObjectHideFlags: 0
  m_PrefabParentObject: {fileID: 11421698, guid: d99555ac6ef80a44fb1e502556162913,
    type: 2}
  m_PrefabInternal: {fileID: 1332557531}
  m_GameObject: {fileID: 722671489}
  m_Enabled: 1
  m_EditorHideFlags: 0
  m_Script: {fileID: -765806418, guid: f5f67c52d1564df4a8936ccd202a3bd8, type: 3}
  m_Name: 
  m_EditorClassIdentifier: 
  m_Material: {fileID: 0}
  m_Color: {r: 1, g: 1, b: 1, a: 0.3254902}
  m_RaycastTarget: 1
  m_OnCullStateChanged:
    m_PersistentCalls:
      m_Calls: []
    m_TypeName: UnityEngine.UI.MaskableGraphic+CullStateChangedEvent, UnityEngine.UI,
      Version=1.0.0.0, Culture=neutral, PublicKeyToken=null
  m_Sprite: {fileID: 21300000, guid: 92aa8a4b81c0b456cb48fbce91066d77, type: 3}
  m_Type: 0
  m_PreserveAspect: 0
  m_FillCenter: 1
  m_FillMethod: 4
  m_FillAmount: 1
  m_FillClockwise: 1
  m_FillOrigin: 0
--- !u!222 &722671492
CanvasRenderer:
  m_ObjectHideFlags: 0
  m_PrefabParentObject: {fileID: 22221694, guid: d99555ac6ef80a44fb1e502556162913,
    type: 2}
  m_PrefabInternal: {fileID: 1332557531}
  m_GameObject: {fileID: 722671489}
--- !u!1 &862795752
GameObject:
  m_ObjectHideFlags: 0
  m_PrefabParentObject: {fileID: 121718, guid: d99555ac6ef80a44fb1e502556162913, type: 2}
  m_PrefabInternal: {fileID: 1332557531}
  serializedVersion: 5
  m_Component:
  - component: {fileID: 862795753}
  - component: {fileID: 862795755}
  - component: {fileID: 862795754}
  m_Layer: 5
  m_Name: Text
  m_TagString: Untagged
  m_Icon: {fileID: 0}
  m_NavMeshLayer: 0
  m_StaticEditorFlags: 0
  m_IsActive: 1
--- !u!224 &862795753
RectTransform:
  m_ObjectHideFlags: 0
  m_PrefabParentObject: {fileID: 22421718, guid: d99555ac6ef80a44fb1e502556162913,
    type: 2}
  m_PrefabInternal: {fileID: 1332557531}
  m_GameObject: {fileID: 862795752}
  m_LocalRotation: {x: 0, y: 0, z: 0, w: 1}
  m_LocalPosition: {x: 0, y: 0, z: 0}
  m_LocalScale: {x: 1, y: 1, z: 1}
  m_Children: []
  m_Father: {fileID: 487129357}
  m_RootOrder: 0
  m_LocalEulerAnglesHint: {x: 0, y: 0, z: 0}
  m_AnchorMin: {x: 0.5, y: 0.5}
  m_AnchorMax: {x: 0.5, y: 0.5}
  m_AnchoredPosition: {x: -4.4, y: 0}
  m_SizeDelta: {x: 69, y: 62.8}
  m_Pivot: {x: 0.5, y: 0.5}
--- !u!114 &862795754
MonoBehaviour:
  m_ObjectHideFlags: 0
  m_PrefabParentObject: {fileID: 11421720, guid: d99555ac6ef80a44fb1e502556162913,
    type: 2}
  m_PrefabInternal: {fileID: 1332557531}
  m_GameObject: {fileID: 862795752}
  m_Enabled: 1
  m_EditorHideFlags: 0
  m_Script: {fileID: 708705254, guid: f5f67c52d1564df4a8936ccd202a3bd8, type: 3}
  m_Name: 
  m_EditorClassIdentifier: 
  m_Material: {fileID: 0}
  m_Color: {r: 0.99215686, g: 0.99215686, b: 0.99215686, a: 1}
  m_RaycastTarget: 1
  m_OnCullStateChanged:
    m_PersistentCalls:
      m_Calls: []
    m_TypeName: UnityEngine.UI.MaskableGraphic+CullStateChangedEvent, UnityEngine.UI,
      Version=1.0.0.0, Culture=neutral, PublicKeyToken=null
  m_FontData:
    m_Font: {fileID: 12800000, guid: 5c425d43bb0df45ca8eb162d5154251e, type: 3}
    m_FontSize: 35
    m_FontStyle: 0
    m_BestFit: 0
    m_MinSize: 10
    m_MaxSize: 40
    m_Alignment: 4
    m_AlignByGeometry: 0
    m_RichText: 1
    m_HorizontalOverflow: 0
    m_VerticalOverflow: 0
    m_LineSpacing: 1
  m_Text: 68
--- !u!222 &862795755
CanvasRenderer:
  m_ObjectHideFlags: 0
  m_PrefabParentObject: {fileID: 22221714, guid: d99555ac6ef80a44fb1e502556162913,
    type: 2}
  m_PrefabInternal: {fileID: 1332557531}
  m_GameObject: {fileID: 862795752}
--- !u!1 &924066914
GameObject:
  m_ObjectHideFlags: 0
  m_PrefabParentObject: {fileID: 121714, guid: d99555ac6ef80a44fb1e502556162913, type: 2}
  m_PrefabInternal: {fileID: 1332557531}
  serializedVersion: 5
  m_Component:
  - component: {fileID: 924066915}
  - component: {fileID: 924066917}
  - component: {fileID: 924066916}
  m_Layer: 5
  m_Name: AppTitle
  m_TagString: Untagged
  m_Icon: {fileID: 0}
  m_NavMeshLayer: 0
  m_StaticEditorFlags: 0
  m_IsActive: 1
--- !u!224 &924066915
RectTransform:
  m_ObjectHideFlags: 0
  m_PrefabParentObject: {fileID: 22421714, guid: d99555ac6ef80a44fb1e502556162913,
    type: 2}
  m_PrefabInternal: {fileID: 1332557531}
  m_GameObject: {fileID: 924066914}
  m_LocalRotation: {x: 0, y: 0, z: 0, w: 1}
  m_LocalPosition: {x: 0, y: 0, z: 0}
  m_LocalScale: {x: 1, y: 1, z: 1}
  m_Children:
  - {fileID: 622754665}
  m_Father: {fileID: 100740747}
  m_RootOrder: 0
  m_LocalEulerAnglesHint: {x: 0, y: 0, z: 0}
  m_AnchorMin: {x: 0.5, y: 0.5}
  m_AnchorMax: {x: 0.5, y: 0.5}
  m_AnchoredPosition: {x: 27.495, y: 689}
  m_SizeDelta: {x: 695, y: 109}
  m_Pivot: {x: 0.5, y: 0.5}
--- !u!114 &924066916
MonoBehaviour:
  m_ObjectHideFlags: 0
  m_PrefabParentObject: {fileID: 11421716, guid: d99555ac6ef80a44fb1e502556162913,
    type: 2}
  m_PrefabInternal: {fileID: 1332557531}
  m_GameObject: {fileID: 924066914}
  m_Enabled: 1
  m_EditorHideFlags: 0
  m_Script: {fileID: 708705254, guid: f5f67c52d1564df4a8936ccd202a3bd8, type: 3}
  m_Name: 
  m_EditorClassIdentifier: 
  m_Material: {fileID: 0}
  m_Color: {r: 0.85490197, g: 0.85490197, b: 0.85490197, a: 1}
  m_RaycastTarget: 1
  m_OnCullStateChanged:
    m_PersistentCalls:
      m_Calls: []
    m_TypeName: UnityEngine.UI.MaskableGraphic+CullStateChangedEvent, UnityEngine.UI,
      Version=1.0.0.0, Culture=neutral, PublicKeyToken=null
  m_FontData:
    m_Font: {fileID: 12800000, guid: 218956a5c2a6e42d6a60afccf80b002b, type: 3}
    m_FontSize: 102
    m_FontStyle: 0
    m_BestFit: 0
    m_MinSize: 10
    m_MaxSize: 102
    m_Alignment: 0
    m_AlignByGeometry: 0
    m_RichText: 1
    m_HorizontalOverflow: 0
    m_VerticalOverflow: 1
    m_LineSpacing: 1
  m_Text: WEATHER
--- !u!222 &924066917
CanvasRenderer:
  m_ObjectHideFlags: 0
  m_PrefabParentObject: {fileID: 22221710, guid: d99555ac6ef80a44fb1e502556162913,
    type: 2}
  m_PrefabInternal: {fileID: 1332557531}
  m_GameObject: {fileID: 924066914}
--- !u!1 &1144503405
GameObject:
  m_ObjectHideFlags: 0
  m_PrefabParentObject: {fileID: 121690, guid: d99555ac6ef80a44fb1e502556162913, type: 2}
  m_PrefabInternal: {fileID: 1332557531}
  serializedVersion: 5
  m_Component:
  - component: {fileID: 1144503406}
  - component: {fileID: 1144503408}
  - component: {fileID: 1144503407}
  m_Layer: 5
  m_Name: Line
  m_TagString: Untagged
  m_Icon: {fileID: 0}
  m_NavMeshLayer: 0
  m_StaticEditorFlags: 0
  m_IsActive: 1
--- !u!224 &1144503406
RectTransform:
  m_ObjectHideFlags: 0
  m_PrefabParentObject: {fileID: 22421690, guid: d99555ac6ef80a44fb1e502556162913,
    type: 2}
  m_PrefabInternal: {fileID: 1332557531}
  m_GameObject: {fileID: 1144503405}
  m_LocalRotation: {x: 0, y: 0, z: 0.40833047, w: 0.91283417}
  m_LocalPosition: {x: 0, y: 0, z: 0}
  m_LocalScale: {x: 1, y: 1, z: 1}
  m_Children: []
  m_Father: {fileID: 655474985}
  m_RootOrder: 5
  m_LocalEulerAnglesHint: {x: 0, y: 0, z: 0}
  m_AnchorMin: {x: 0.5, y: 0.5}
  m_AnchorMax: {x: 0.5, y: 0.5}
  m_AnchoredPosition: {x: 121, y: -39}
  m_SizeDelta: {x: 238.7, y: 2}
  m_Pivot: {x: 0.5, y: 0.5}
--- !u!114 &1144503407
MonoBehaviour:
  m_ObjectHideFlags: 0
  m_PrefabParentObject: {fileID: 11421688, guid: d99555ac6ef80a44fb1e502556162913,
    type: 2}
  m_PrefabInternal: {fileID: 1332557531}
  m_GameObject: {fileID: 1144503405}
  m_Enabled: 1
  m_EditorHideFlags: 0
  m_Script: {fileID: -765806418, guid: f5f67c52d1564df4a8936ccd202a3bd8, type: 3}
  m_Name: 
  m_EditorClassIdentifier: 
  m_Material: {fileID: 0}
  m_Color: {r: 0.99215686, g: 0.99215686, b: 0.99215686, a: 1}
  m_RaycastTarget: 1
  m_OnCullStateChanged:
    m_PersistentCalls:
      m_Calls: []
    m_TypeName: UnityEngine.UI.MaskableGraphic+CullStateChangedEvent, UnityEngine.UI,
      Version=1.0.0.0, Culture=neutral, PublicKeyToken=null
  m_Sprite: {fileID: 21300000, guid: 7ed1238760b863f4aafde32ab3a6f28c, type: 3}
  m_Type: 1
  m_PreserveAspect: 0
  m_FillCenter: 1
  m_FillMethod: 4
  m_FillAmount: 1
  m_FillClockwise: 1
  m_FillOrigin: 0
--- !u!222 &1144503408
CanvasRenderer:
  m_ObjectHideFlags: 0
  m_PrefabParentObject: {fileID: 22221688, guid: d99555ac6ef80a44fb1e502556162913,
    type: 2}
  m_PrefabInternal: {fileID: 1332557531}
  m_GameObject: {fileID: 1144503405}
--- !u!1 &1153874354
GameObject:
  m_ObjectHideFlags: 0
  m_PrefabParentObject: {fileID: 121738, guid: d99555ac6ef80a44fb1e502556162913, type: 2}
  m_PrefabInternal: {fileID: 1332557531}
  serializedVersion: 5
  m_Component:
  - component: {fileID: 1153874355}
  - component: {fileID: 1153874357}
  - component: {fileID: 1153874356}
  m_Layer: 5
  m_Name: Icon
  m_TagString: Untagged
  m_Icon: {fileID: 0}
  m_NavMeshLayer: 0
  m_StaticEditorFlags: 0
  m_IsActive: 1
--- !u!224 &1153874355
RectTransform:
  m_ObjectHideFlags: 0
  m_PrefabParentObject: {fileID: 22421738, guid: d99555ac6ef80a44fb1e502556162913,
    type: 2}
  m_PrefabInternal: {fileID: 1332557531}
  m_GameObject: {fileID: 1153874354}
  m_LocalRotation: {x: 0, y: 0, z: 0, w: 1}
  m_LocalPosition: {x: 0, y: 0, z: 0}
  m_LocalScale: {x: 1, y: 1, z: 1}
  m_Children: []
  m_Father: {fileID: 1925562142}
  m_RootOrder: 1
  m_LocalEulerAnglesHint: {x: 0, y: 0, z: 0}
  m_AnchorMin: {x: 0, y: 0}
  m_AnchorMax: {x: 0, y: 0}
  m_AnchoredPosition: {x: 61.6, y: 42.9}
  m_SizeDelta: {x: 12.1, y: 11.9}
  m_Pivot: {x: 0.5, y: 0.5}
--- !u!114 &1153874356
MonoBehaviour:
  m_ObjectHideFlags: 0
  m_PrefabParentObject: {fileID: 11421738, guid: d99555ac6ef80a44fb1e502556162913,
    type: 2}
  m_PrefabInternal: {fileID: 1332557531}
  m_GameObject: {fileID: 1153874354}
  m_Enabled: 1
  m_EditorHideFlags: 0
  m_Script: {fileID: -765806418, guid: f5f67c52d1564df4a8936ccd202a3bd8, type: 3}
  m_Name: 
  m_EditorClassIdentifier: 
  m_Material: {fileID: 0}
  m_Color: {r: 0.99607843, g: 0.99607843, b: 0.99607843, a: 1}
  m_RaycastTarget: 1
  m_OnCullStateChanged:
    m_PersistentCalls:
      m_Calls: []
    m_TypeName: UnityEngine.UI.MaskableGraphic+CullStateChangedEvent, UnityEngine.UI,
      Version=1.0.0.0, Culture=neutral, PublicKeyToken=null
  m_Sprite: {fileID: 21300000, guid: e54426690f7fe4b45a912e560184a5e5, type: 3}
  m_Type: 0
  m_PreserveAspect: 0
  m_FillCenter: 1
  m_FillMethod: 4
  m_FillAmount: 1
  m_FillClockwise: 1
  m_FillOrigin: 0
--- !u!222 &1153874357
CanvasRenderer:
  m_ObjectHideFlags: 0
  m_PrefabParentObject: {fileID: 22221732, guid: d99555ac6ef80a44fb1e502556162913,
    type: 2}
  m_PrefabInternal: {fileID: 1332557531}
  m_GameObject: {fileID: 1153874354}
--- !u!1 &1232663513
GameObject:
  m_ObjectHideFlags: 0
  m_PrefabParentObject: {fileID: 121746, guid: d99555ac6ef80a44fb1e502556162913, type: 2}
  m_PrefabInternal: {fileID: 1332557531}
  serializedVersion: 5
  m_Component:
  - component: {fileID: 1232663514}
  - component: {fileID: 1232663516}
  - component: {fileID: 1232663515}
  m_Layer: 5
  m_Name: Text
  m_TagString: Untagged
  m_Icon: {fileID: 0}
  m_NavMeshLayer: 0
  m_StaticEditorFlags: 0
  m_IsActive: 1
--- !u!224 &1232663514
RectTransform:
  m_ObjectHideFlags: 0
  m_PrefabParentObject: {fileID: 22421746, guid: d99555ac6ef80a44fb1e502556162913,
    type: 2}
  m_PrefabInternal: {fileID: 1332557531}
  m_GameObject: {fileID: 1232663513}
  m_LocalRotation: {x: 0, y: 0, z: 0, w: 1}
  m_LocalPosition: {x: 0, y: 0, z: 0}
  m_LocalScale: {x: 1, y: 1, z: 1}
  m_Children: []
  m_Father: {fileID: 1623810912}
  m_RootOrder: 0
  m_LocalEulerAnglesHint: {x: 0, y: 0, z: 0}
  m_AnchorMin: {x: 0.5, y: 0.5}
  m_AnchorMax: {x: 0.5, y: 0.5}
  m_AnchoredPosition: {x: 61.5, y: 0.00010109}
  m_SizeDelta: {x: 76.3, y: 30}
  m_Pivot: {x: 0.5, y: 0.5}
--- !u!114 &1232663515
MonoBehaviour:
  m_ObjectHideFlags: 0
  m_PrefabParentObject: {fileID: 11421746, guid: d99555ac6ef80a44fb1e502556162913,
    type: 2}
  m_PrefabInternal: {fileID: 1332557531}
  m_GameObject: {fileID: 1232663513}
  m_Enabled: 1
  m_EditorHideFlags: 0
  m_Script: {fileID: 708705254, guid: f5f67c52d1564df4a8936ccd202a3bd8, type: 3}
  m_Name: 
  m_EditorClassIdentifier: 
  m_Material: {fileID: 0}
  m_Color: {r: 0.99215686, g: 0.99215686, b: 0.99215686, a: 0.42745098}
  m_RaycastTarget: 1
  m_OnCullStateChanged:
    m_PersistentCalls:
      m_Calls: []
    m_TypeName: UnityEngine.UI.MaskableGraphic+CullStateChangedEvent, UnityEngine.UI,
      Version=1.0.0.0, Culture=neutral, PublicKeyToken=null
  m_FontData:
    m_Font: {fileID: 12800000, guid: 218956a5c2a6e42d6a60afccf80b002b, type: 3}
    m_FontSize: 20
    m_FontStyle: 0
    m_BestFit: 0
    m_MinSize: 10
    m_MaxSize: 40
    m_Alignment: 3
    m_AlignByGeometry: 0
    m_RichText: 1
    m_HorizontalOverflow: 0
    m_VerticalOverflow: 0
    m_LineSpacing: 1
  m_Text: 7 m/s
--- !u!222 &1232663516
CanvasRenderer:
  m_ObjectHideFlags: 0
  m_PrefabParentObject: {fileID: 22221740, guid: d99555ac6ef80a44fb1e502556162913,
    type: 2}
  m_PrefabInternal: {fileID: 1332557531}
  m_GameObject: {fileID: 1232663513}
--- !u!1001 &1332557531
Prefab:
  m_ObjectHideFlags: 0
  serializedVersion: 2
  m_Modification:
    m_TransformParent: {fileID: 0}
    m_Modifications:
    - target: {fileID: 22421696, guid: d99555ac6ef80a44fb1e502556162913, type: 2}
      propertyPath: m_LocalPosition.x
      value: 0
      objectReference: {fileID: 0}
    - target: {fileID: 22421696, guid: d99555ac6ef80a44fb1e502556162913, type: 2}
      propertyPath: m_LocalPosition.y
      value: 0
      objectReference: {fileID: 0}
    - target: {fileID: 22421696, guid: d99555ac6ef80a44fb1e502556162913, type: 2}
      propertyPath: m_LocalPosition.z
      value: 0
      objectReference: {fileID: 0}
    - target: {fileID: 22421696, guid: d99555ac6ef80a44fb1e502556162913, type: 2}
      propertyPath: m_LocalRotation.x
      value: 0
      objectReference: {fileID: 0}
    - target: {fileID: 22421696, guid: d99555ac6ef80a44fb1e502556162913, type: 2}
      propertyPath: m_LocalRotation.y
      value: 0
      objectReference: {fileID: 0}
    - target: {fileID: 22421696, guid: d99555ac6ef80a44fb1e502556162913, type: 2}
      propertyPath: m_LocalRotation.z
      value: 0
      objectReference: {fileID: 0}
    - target: {fileID: 22421696, guid: d99555ac6ef80a44fb1e502556162913, type: 2}
      propertyPath: m_LocalRotation.w
      value: 1
      objectReference: {fileID: 0}
    - target: {fileID: 22421696, guid: d99555ac6ef80a44fb1e502556162913, type: 2}
      propertyPath: m_RootOrder
      value: 0
      objectReference: {fileID: 0}
    - target: {fileID: 22421696, guid: d99555ac6ef80a44fb1e502556162913, type: 2}
      propertyPath: m_AnchoredPosition.x
      value: 0
      objectReference: {fileID: 0}
    - target: {fileID: 22421696, guid: d99555ac6ef80a44fb1e502556162913, type: 2}
      propertyPath: m_AnchoredPosition.y
      value: 0
      objectReference: {fileID: 0}
    - target: {fileID: 22421696, guid: d99555ac6ef80a44fb1e502556162913, type: 2}
      propertyPath: m_SizeDelta.x
      value: 0
      objectReference: {fileID: 0}
    - target: {fileID: 22421696, guid: d99555ac6ef80a44fb1e502556162913, type: 2}
      propertyPath: m_SizeDelta.y
      value: 0
      objectReference: {fileID: 0}
    - target: {fileID: 22421696, guid: d99555ac6ef80a44fb1e502556162913, type: 2}
      propertyPath: m_AnchorMin.x
      value: 0
      objectReference: {fileID: 0}
    - target: {fileID: 22421696, guid: d99555ac6ef80a44fb1e502556162913, type: 2}
      propertyPath: m_AnchorMin.y
      value: 0
      objectReference: {fileID: 0}
    - target: {fileID: 22421696, guid: d99555ac6ef80a44fb1e502556162913, type: 2}
      propertyPath: m_AnchorMax.x
      value: 0
      objectReference: {fileID: 0}
    - target: {fileID: 22421696, guid: d99555ac6ef80a44fb1e502556162913, type: 2}
      propertyPath: m_AnchorMax.y
      value: 0
      objectReference: {fileID: 0}
    - target: {fileID: 22421696, guid: d99555ac6ef80a44fb1e502556162913, type: 2}
      propertyPath: m_Pivot.x
      value: 0
      objectReference: {fileID: 0}
    - target: {fileID: 22421696, guid: d99555ac6ef80a44fb1e502556162913, type: 2}
      propertyPath: m_Pivot.y
      value: 0
      objectReference: {fileID: 0}
    m_RemovedComponents: []
  m_ParentPrefab: {fileID: 100100000, guid: d99555ac6ef80a44fb1e502556162913, type: 2}
  m_RootGameObject: {fileID: 100740743}
  m_IsPrefabParent: 0
--- !u!1 &1449912145
GameObject:
  m_ObjectHideFlags: 0
  m_PrefabParentObject: {fileID: 121694, guid: d99555ac6ef80a44fb1e502556162913, type: 2}
  m_PrefabInternal: {fileID: 1332557531}
  serializedVersion: 5
  m_Component:
  - component: {fileID: 1449912146}
  - component: {fileID: 1449912148}
  - component: {fileID: 1449912147}
  m_Layer: 5
  m_Name: Text
  m_TagString: Untagged
  m_Icon: {fileID: 0}
  m_NavMeshLayer: 0
  m_StaticEditorFlags: 0
  m_IsActive: 1
--- !u!224 &1449912146
RectTransform:
  m_ObjectHideFlags: 0
  m_PrefabParentObject: {fileID: 22421694, guid: d99555ac6ef80a44fb1e502556162913,
    type: 2}
  m_PrefabInternal: {fileID: 1332557531}
  m_GameObject: {fileID: 1449912145}
  m_LocalRotation: {x: 0, y: 0, z: 0, w: 1}
  m_LocalPosition: {x: 0, y: 0, z: 0}
  m_LocalScale: {x: 1, y: 1, z: 1}
  m_Children: []
  m_Father: {fileID: 379226945}
  m_RootOrder: 0
  m_LocalEulerAnglesHint: {x: 0, y: 0, z: 0}
  m_AnchorMin: {x: 0.5, y: 0.5}
  m_AnchorMax: {x: 0.5, y: 0.5}
  m_AnchoredPosition: {x: 65.1, y: 0.00010109}
  m_SizeDelta: {x: 76.3, y: 30}
  m_Pivot: {x: 0.5, y: 0.5}
--- !u!114 &1449912147
MonoBehaviour:
  m_ObjectHideFlags: 0
  m_PrefabParentObject: {fileID: 11421692, guid: d99555ac6ef80a44fb1e502556162913,
    type: 2}
  m_PrefabInternal: {fileID: 1332557531}
  m_GameObject: {fileID: 1449912145}
  m_Enabled: 1
  m_EditorHideFlags: 0
  m_Script: {fileID: 708705254, guid: f5f67c52d1564df4a8936ccd202a3bd8, type: 3}
  m_Name: 
  m_EditorClassIdentifier: 
  m_Material: {fileID: 0}
  m_Color: {r: 0.99215686, g: 0.99215686, b: 0.99215686, a: 0.42745098}
  m_RaycastTarget: 1
  m_OnCullStateChanged:
    m_PersistentCalls:
      m_Calls: []
    m_TypeName: UnityEngine.UI.MaskableGraphic+CullStateChangedEvent, UnityEngine.UI,
      Version=1.0.0.0, Culture=neutral, PublicKeyToken=null
  m_FontData:
    m_Font: {fileID: 12800000, guid: 218956a5c2a6e42d6a60afccf80b002b, type: 3}
    m_FontSize: 20
    m_FontStyle: 0
    m_BestFit: 0
    m_MinSize: 10
    m_MaxSize: 40
    m_Alignment: 3
    m_AlignByGeometry: 0
    m_RichText: 1
    m_HorizontalOverflow: 0
    m_VerticalOverflow: 0
    m_LineSpacing: 1
  m_Text: "70\u02DA"
--- !u!222 &1449912148
CanvasRenderer:
  m_ObjectHideFlags: 0
  m_PrefabParentObject: {fileID: 22221692, guid: d99555ac6ef80a44fb1e502556162913,
    type: 2}
  m_PrefabInternal: {fileID: 1332557531}
  m_GameObject: {fileID: 1449912145}
--- !u!1 &1500371475
GameObject:
  m_ObjectHideFlags: 0
  m_PrefabParentObject: {fileID: 0}
  m_PrefabInternal: {fileID: 0}
  serializedVersion: 5
  m_Component:
  - component: {fileID: 1500371479}
  - component: {fileID: 1500371478}
  - component: {fileID: 1500371477}
  - component: {fileID: 1500371476}
  m_Layer: 0
  m_Name: EventSystem
  m_TagString: Untagged
  m_Icon: {fileID: 0}
  m_NavMeshLayer: 0
  m_StaticEditorFlags: 0
  m_IsActive: 1
--- !u!114 &1500371476
MonoBehaviour:
  m_ObjectHideFlags: 0
  m_PrefabParentObject: {fileID: 0}
  m_PrefabInternal: {fileID: 0}
  m_GameObject: {fileID: 1500371475}
  m_Enabled: 1
  m_EditorHideFlags: 0
  m_Script: {fileID: 1997211142, guid: f5f67c52d1564df4a8936ccd202a3bd8, type: 3}
  m_Name: 
  m_EditorClassIdentifier: 
  m_ForceModuleActive: 0
--- !u!114 &1500371477
MonoBehaviour:
  m_ObjectHideFlags: 0
  m_PrefabParentObject: {fileID: 0}
  m_PrefabInternal: {fileID: 0}
  m_GameObject: {fileID: 1500371475}
  m_Enabled: 1
  m_EditorHideFlags: 0
  m_Script: {fileID: 1077351063, guid: f5f67c52d1564df4a8936ccd202a3bd8, type: 3}
  m_Name: 
  m_EditorClassIdentifier: 
  m_HorizontalAxis: Horizontal
  m_VerticalAxis: Vertical
  m_SubmitButton: Submit
  m_CancelButton: Cancel
  m_InputActionsPerSecond: 10
  m_RepeatDelay: 0.5
  m_ForceModuleActive: 0
--- !u!114 &1500371478
MonoBehaviour:
  m_ObjectHideFlags: 0
  m_PrefabParentObject: {fileID: 0}
  m_PrefabInternal: {fileID: 0}
  m_GameObject: {fileID: 1500371475}
  m_Enabled: 1
  m_EditorHideFlags: 0
  m_Script: {fileID: -619905303, guid: f5f67c52d1564df4a8936ccd202a3bd8, type: 3}
  m_Name: 
  m_EditorClassIdentifier: 
  m_FirstSelected: {fileID: 0}
  m_sendNavigationEvents: 1
  m_DragThreshold: 5
--- !u!4 &1500371479
Transform:
  m_ObjectHideFlags: 0
  m_PrefabParentObject: {fileID: 0}
  m_PrefabInternal: {fileID: 0}
  m_GameObject: {fileID: 1500371475}
  m_LocalRotation: {x: 0, y: 0, z: 0, w: 1}
  m_LocalPosition: {x: 0, y: 0, z: 0}
  m_LocalScale: {x: 1, y: 1, z: 1}
  m_Children: []
  m_Father: {fileID: 0}
  m_RootOrder: 1
  m_LocalEulerAnglesHint: {x: 0, y: 0, z: 0}
--- !u!1 &1511305452
GameObject:
  m_ObjectHideFlags: 0
  m_PrefabParentObject: {fileID: 0}
  m_PrefabInternal: {fileID: 0}
  serializedVersion: 5
  m_Component:
  - component: {fileID: 1511305453}
  m_Layer: 0
  m_Name: __SET_YOUR_GAMESCREEN_TO_640x1336
  m_TagString: Untagged
  m_Icon: {fileID: 0}
  m_NavMeshLayer: 0
  m_StaticEditorFlags: 0
  m_IsActive: 1
--- !u!4 &1511305453
Transform:
  m_ObjectHideFlags: 0
  m_PrefabParentObject: {fileID: 0}
  m_PrefabInternal: {fileID: 0}
  m_GameObject: {fileID: 1511305452}
  m_LocalRotation: {x: 0, y: 0, z: 0, w: 1}
  m_LocalPosition: {x: 494.995, y: 627.74, z: 0}
  m_LocalScale: {x: 1, y: 1, z: 1}
  m_Children: []
  m_Father: {fileID: 0}
  m_RootOrder: 2
  m_LocalEulerAnglesHint: {x: 0, y: 0, z: 0}
--- !u!1 &1583756402
GameObject:
  m_ObjectHideFlags: 0
  m_PrefabParentObject: {fileID: 121742, guid: d99555ac6ef80a44fb1e502556162913, type: 2}
  m_PrefabInternal: {fileID: 1332557531}
  serializedVersion: 5
  m_Component:
  - component: {fileID: 1583756403}
  - component: {fileID: 1583756405}
  - component: {fileID: 1583756404}
  m_Layer: 5
  m_Name: Panel
  m_TagString: Untagged
  m_Icon: {fileID: 0}
  m_NavMeshLayer: 0
  m_StaticEditorFlags: 0
  m_IsActive: 1
--- !u!224 &1583756403
RectTransform:
  m_ObjectHideFlags: 0
  m_PrefabParentObject: {fileID: 22421742, guid: d99555ac6ef80a44fb1e502556162913,
    type: 2}
  m_PrefabInternal: {fileID: 1332557531}
  m_GameObject: {fileID: 1583756402}
  m_LocalRotation: {x: 0, y: 0, z: 0, w: 1}
  m_LocalPosition: {x: 0, y: 0, z: 0}
  m_LocalScale: {x: 1, y: 1, z: 1}
  m_Children:
  - {fileID: 1845139796}
  - {fileID: 655474985}
  m_Father: {fileID: 100740747}
  m_RootOrder: 1
  m_LocalEulerAnglesHint: {x: 0, y: 0, z: 0}
  m_AnchorMin: {x: 0.5, y: 0.5}
  m_AnchorMax: {x: 0.5, y: 0.5}
  m_AnchoredPosition: {x: 0, y: -49.27002}
  m_SizeDelta: {x: 640, y: 1037.5}
  m_Pivot: {x: 0.5, y: 0.5}
--- !u!114 &1583756404
MonoBehaviour:
  m_ObjectHideFlags: 0
  m_PrefabParentObject: {fileID: 11421742, guid: d99555ac6ef80a44fb1e502556162913,
    type: 2}
  m_PrefabInternal: {fileID: 1332557531}
  m_GameObject: {fileID: 1583756402}
  m_Enabled: 1
  m_EditorHideFlags: 0
  m_Script: {fileID: -765806418, guid: f5f67c52d1564df4a8936ccd202a3bd8, type: 3}
  m_Name: 
  m_EditorClassIdentifier: 
  m_Material: {fileID: 0}
  m_Color: {r: 0.972549, g: 0.5137255, b: 0.4392157, a: 1}
  m_RaycastTarget: 1
  m_OnCullStateChanged:
    m_PersistentCalls:
      m_Calls: []
    m_TypeName: UnityEngine.UI.MaskableGraphic+CullStateChangedEvent, UnityEngine.UI,
      Version=1.0.0.0, Culture=neutral, PublicKeyToken=null
  m_Sprite: {fileID: 21300000, guid: 7ed1238760b863f4aafde32ab3a6f28c, type: 3}
  m_Type: 1
  m_PreserveAspect: 0
  m_FillCenter: 1
  m_FillMethod: 4
  m_FillAmount: 1
  m_FillClockwise: 1
  m_FillOrigin: 0
--- !u!222 &1583756405
CanvasRenderer:
  m_ObjectHideFlags: 0
  m_PrefabParentObject: {fileID: 22221736, guid: d99555ac6ef80a44fb1e502556162913,
    type: 2}
  m_PrefabInternal: {fileID: 1332557531}
  m_GameObject: {fileID: 1583756402}
--- !u!1 &1623810911
GameObject:
  m_ObjectHideFlags: 0
  m_PrefabParentObject: {fileID: 121710, guid: d99555ac6ef80a44fb1e502556162913, type: 2}
  m_PrefabInternal: {fileID: 1332557531}
  serializedVersion: 5
  m_Component:
  - component: {fileID: 1623810912}
  - component: {fileID: 1623810914}
  - component: {fileID: 1623810913}
  m_Layer: 5
  m_Name: Icon
  m_TagString: Untagged
  m_Icon: {fileID: 0}
  m_NavMeshLayer: 0
  m_StaticEditorFlags: 0
  m_IsActive: 1
--- !u!224 &1623810912
RectTransform:
  m_ObjectHideFlags: 0
  m_PrefabParentObject: {fileID: 22421710, guid: d99555ac6ef80a44fb1e502556162913,
    type: 2}
  m_PrefabInternal: {fileID: 1332557531}
  m_GameObject: {fileID: 1623810911}
  m_LocalRotation: {x: 0, y: 0, z: 0, w: 1}
  m_LocalPosition: {x: 0, y: 0, z: 0}
  m_LocalScale: {x: 1, y: 1, z: 1}
  m_Children:
  - {fileID: 1232663514}
  m_Father: {fileID: 1845139796}
  m_RootOrder: 3
  m_LocalEulerAnglesHint: {x: 0, y: 0, z: 0}
  m_AnchorMin: {x: 0, y: 0}
  m_AnchorMax: {x: 0, y: 0}
  m_AnchoredPosition: {x: 286.40005, y: 62.599854}
  m_SizeDelta: {x: 22.2, y: 38.372}
  m_Pivot: {x: 0.5, y: 0.5}
--- !u!114 &1623810913
MonoBehaviour:
  m_ObjectHideFlags: 0
  m_PrefabParentObject: {fileID: 11421712, guid: d99555ac6ef80a44fb1e502556162913,
    type: 2}
  m_PrefabInternal: {fileID: 1332557531}
  m_GameObject: {fileID: 1623810911}
  m_Enabled: 1
  m_EditorHideFlags: 0
  m_Script: {fileID: -765806418, guid: f5f67c52d1564df4a8936ccd202a3bd8, type: 3}
  m_Name: 
  m_EditorClassIdentifier: 
  m_Material: {fileID: 0}
  m_Color: {r: 1, g: 1, b: 1, a: 0.3254902}
  m_RaycastTarget: 1
  m_OnCullStateChanged:
    m_PersistentCalls:
      m_Calls: []
    m_TypeName: UnityEngine.UI.MaskableGraphic+CullStateChangedEvent, UnityEngine.UI,
      Version=1.0.0.0, Culture=neutral, PublicKeyToken=null
  m_Sprite: {fileID: 21300000, guid: 1899dc4f204ed47db955aa879df4c93f, type: 3}
  m_Type: 0
  m_PreserveAspect: 0
  m_FillCenter: 1
  m_FillMethod: 4
  m_FillAmount: 1
  m_FillClockwise: 1
  m_FillOrigin: 0
--- !u!222 &1623810914
CanvasRenderer:
  m_ObjectHideFlags: 0
  m_PrefabParentObject: {fileID: 22221706, guid: d99555ac6ef80a44fb1e502556162913,
    type: 2}
  m_PrefabInternal: {fileID: 1332557531}
  m_GameObject: {fileID: 1623810911}
--- !u!1 &1665159274
GameObject:
  m_ObjectHideFlags: 0
  m_PrefabParentObject: {fileID: 121722, guid: d99555ac6ef80a44fb1e502556162913, type: 2}
  m_PrefabInternal: {fileID: 1332557531}
  serializedVersion: 5
  m_Component:
  - component: {fileID: 1665159275}
  - component: {fileID: 1665159277}
  - component: {fileID: 1665159276}
  m_Layer: 5
  m_Name: Line
  m_TagString: Untagged
  m_Icon: {fileID: 0}
  m_NavMeshLayer: 0
  m_StaticEditorFlags: 0
  m_IsActive: 1
--- !u!224 &1665159275
RectTransform:
  m_ObjectHideFlags: 0
  m_PrefabParentObject: {fileID: 22421722, guid: d99555ac6ef80a44fb1e502556162913,
    type: 2}
  m_PrefabInternal: {fileID: 1332557531}
  m_GameObject: {fileID: 1665159274}
  m_LocalRotation: {x: 0, y: 0, z: -0.27311984, w: 0.96198004}
  m_LocalPosition: {x: 0, y: 0, z: 0}
  m_LocalScale: {x: 1, y: 1, z: 1}
  m_Children: []
  m_Father: {fileID: 655474985}
  m_RootOrder: 4
  m_LocalEulerAnglesHint: {x: 0, y: 0, z: 0}
  m_AnchorMin: {x: 0.5, y: 0.5}
  m_AnchorMax: {x: 0.5, y: 0.5}
  m_AnchoredPosition: {x: -107, y: -81}
  m_SizeDelta: {x: 171, y: 2}
  m_Pivot: {x: 0.5, y: 0.5}
--- !u!114 &1665159276
MonoBehaviour:
  m_ObjectHideFlags: 0
  m_PrefabParentObject: {fileID: 11421724, guid: d99555ac6ef80a44fb1e502556162913,
    type: 2}
  m_PrefabInternal: {fileID: 1332557531}
  m_GameObject: {fileID: 1665159274}
  m_Enabled: 1
  m_EditorHideFlags: 0
  m_Script: {fileID: -765806418, guid: f5f67c52d1564df4a8936ccd202a3bd8, type: 3}
  m_Name: 
  m_EditorClassIdentifier: 
  m_Material: {fileID: 0}
  m_Color: {r: 0.99215686, g: 0.99215686, b: 0.99215686, a: 1}
  m_RaycastTarget: 1
  m_OnCullStateChanged:
    m_PersistentCalls:
      m_Calls: []
    m_TypeName: UnityEngine.UI.MaskableGraphic+CullStateChangedEvent, UnityEngine.UI,
      Version=1.0.0.0, Culture=neutral, PublicKeyToken=null
  m_Sprite: {fileID: 21300000, guid: 7ed1238760b863f4aafde32ab3a6f28c, type: 3}
  m_Type: 1
  m_PreserveAspect: 0
  m_FillCenter: 1
  m_FillMethod: 4
  m_FillAmount: 1
  m_FillClockwise: 1
  m_FillOrigin: 0
--- !u!222 &1665159277
CanvasRenderer:
  m_ObjectHideFlags: 0
  m_PrefabParentObject: {fileID: 22221718, guid: d99555ac6ef80a44fb1e502556162913,
    type: 2}
  m_PrefabInternal: {fileID: 1332557531}
  m_GameObject: {fileID: 1665159274}
--- !u!1 &1708745331
GameObject:
  m_ObjectHideFlags: 0
  m_PrefabParentObject: {fileID: 121700, guid: d99555ac6ef80a44fb1e502556162913, type: 2}
  m_PrefabInternal: {fileID: 1332557531}
  serializedVersion: 5
  m_Component:
  - component: {fileID: 1708745332}
  - component: {fileID: 1708745334}
  - component: {fileID: 1708745333}
  m_Layer: 5
  m_Name: Text
  m_TagString: Untagged
  m_Icon: {fileID: 0}
  m_NavMeshLayer: 0
  m_StaticEditorFlags: 0
  m_IsActive: 1
--- !u!224 &1708745332
RectTransform:
  m_ObjectHideFlags: 0
  m_PrefabParentObject: {fileID: 22421700, guid: d99555ac6ef80a44fb1e502556162913,
    type: 2}
  m_PrefabInternal: {fileID: 1332557531}
  m_GameObject: {fileID: 1708745331}
  m_LocalRotation: {x: 0, y: 0, z: 0, w: 1}
  m_LocalPosition: {x: 0, y: 0, z: 0}
  m_LocalScale: {x: 1, y: 1, z: 1}
  m_Children: []
  m_Father: {fileID: 75214243}
  m_RootOrder: 0
  m_LocalEulerAnglesHint: {x: 0, y: 0, z: 0}
  m_AnchorMin: {x: 0.5, y: 0.5}
  m_AnchorMax: {x: 0.5, y: 0.5}
  m_AnchoredPosition: {x: -4.4, y: 0}
  m_SizeDelta: {x: 69, y: 62.8}
  m_Pivot: {x: 0.5, y: 0.5}
--- !u!114 &1708745333
MonoBehaviour:
  m_ObjectHideFlags: 0
  m_PrefabParentObject: {fileID: 11421700, guid: d99555ac6ef80a44fb1e502556162913,
    type: 2}
  m_PrefabInternal: {fileID: 1332557531}
  m_GameObject: {fileID: 1708745331}
  m_Enabled: 1
  m_EditorHideFlags: 0
  m_Script: {fileID: 708705254, guid: f5f67c52d1564df4a8936ccd202a3bd8, type: 3}
  m_Name: 
  m_EditorClassIdentifier: 
  m_Material: {fileID: 0}
  m_Color: {r: 0.99215686, g: 0.99215686, b: 0.99215686, a: 1}
  m_RaycastTarget: 1
  m_OnCullStateChanged:
    m_PersistentCalls:
      m_Calls: []
    m_TypeName: UnityEngine.UI.MaskableGraphic+CullStateChangedEvent, UnityEngine.UI,
      Version=1.0.0.0, Culture=neutral, PublicKeyToken=null
  m_FontData:
    m_Font: {fileID: 12800000, guid: 5c425d43bb0df45ca8eb162d5154251e, type: 3}
    m_FontSize: 35
    m_FontStyle: 0
    m_BestFit: 0
    m_MinSize: 10
    m_MaxSize: 40
    m_Alignment: 4
    m_AlignByGeometry: 0
    m_RichText: 1
    m_HorizontalOverflow: 0
    m_VerticalOverflow: 0
    m_LineSpacing: 1
  m_Text: 84
--- !u!222 &1708745334
CanvasRenderer:
  m_ObjectHideFlags: 0
  m_PrefabParentObject: {fileID: 22221696, guid: d99555ac6ef80a44fb1e502556162913,
    type: 2}
  m_PrefabInternal: {fileID: 1332557531}
  m_GameObject: {fileID: 1708745331}
--- !u!1 &1760400369
GameObject:
  m_ObjectHideFlags: 0
  m_PrefabParentObject: {fileID: 121728, guid: d99555ac6ef80a44fb1e502556162913, type: 2}
  m_PrefabInternal: {fileID: 1332557531}
  serializedVersion: 5
  m_Component:
  - component: {fileID: 1760400370}
  - component: {fileID: 1760400372}
  - component: {fileID: 1760400371}
  m_Layer: 5
  m_Name: Line
  m_TagString: Untagged
  m_Icon: {fileID: 0}
  m_NavMeshLayer: 0
  m_StaticEditorFlags: 0
  m_IsActive: 1
--- !u!224 &1760400370
RectTransform:
  m_ObjectHideFlags: 0
  m_PrefabParentObject: {fileID: 22421728, guid: d99555ac6ef80a44fb1e502556162913,
    type: 2}
  m_PrefabInternal: {fileID: 1332557531}
  m_GameObject: {fileID: 1760400369}
  m_LocalRotation: {x: 0, y: 0, z: 0, w: 1}
  m_LocalPosition: {x: 0, y: 0, z: 0}
  m_LocalScale: {x: 1, y: 1, z: 1}
  m_Children: []
  m_Father: {fileID: 655474985}
  m_RootOrder: 6
  m_LocalEulerAnglesHint: {x: 0, y: 0, z: 0}
  m_AnchorMin: {x: 0.5, y: 0.5}
  m_AnchorMax: {x: 0.5, y: 0.5}
  m_AnchoredPosition: {x: 299, y: 51}
  m_SizeDelta: {x: 41.905, y: 2}
  m_Pivot: {x: 0.5, y: 0.5}
--- !u!114 &1760400371
MonoBehaviour:
  m_ObjectHideFlags: 0
  m_PrefabParentObject: {fileID: 11421728, guid: d99555ac6ef80a44fb1e502556162913,
    type: 2}
  m_PrefabInternal: {fileID: 1332557531}
  m_GameObject: {fileID: 1760400369}
  m_Enabled: 1
  m_EditorHideFlags: 0
  m_Script: {fileID: -765806418, guid: f5f67c52d1564df4a8936ccd202a3bd8, type: 3}
  m_Name: 
  m_EditorClassIdentifier: 
  m_Material: {fileID: 0}
  m_Color: {r: 0.99215686, g: 0.99215686, b: 0.99215686, a: 1}
  m_RaycastTarget: 1
  m_OnCullStateChanged:
    m_PersistentCalls:
      m_Calls: []
    m_TypeName: UnityEngine.UI.MaskableGraphic+CullStateChangedEvent, UnityEngine.UI,
      Version=1.0.0.0, Culture=neutral, PublicKeyToken=null
  m_Sprite: {fileID: 21300000, guid: 7ed1238760b863f4aafde32ab3a6f28c, type: 3}
  m_Type: 1
  m_PreserveAspect: 0
  m_FillCenter: 1
  m_FillMethod: 4
  m_FillAmount: 1
  m_FillClockwise: 1
  m_FillOrigin: 0
--- !u!222 &1760400372
CanvasRenderer:
  m_ObjectHideFlags: 0
  m_PrefabParentObject: {fileID: 22221722, guid: d99555ac6ef80a44fb1e502556162913,
    type: 2}
  m_PrefabInternal: {fileID: 1332557531}
  m_GameObject: {fileID: 1760400369}
--- !u!1 &1771127160
GameObject:
  m_ObjectHideFlags: 0
  m_PrefabParentObject: {fileID: 121744, guid: d99555ac6ef80a44fb1e502556162913, type: 2}
  m_PrefabInternal: {fileID: 1332557531}
  serializedVersion: 5
  m_Component:
  - component: {fileID: 1771127161}
  - component: {fileID: 1771127163}
  - component: {fileID: 1771127162}
  m_Layer: 5
  m_Name: Text
  m_TagString: Untagged
  m_Icon: {fileID: 0}
  m_NavMeshLayer: 0
  m_StaticEditorFlags: 0
  m_IsActive: 1
--- !u!224 &1771127161
RectTransform:
  m_ObjectHideFlags: 0
  m_PrefabParentObject: {fileID: 22421744, guid: d99555ac6ef80a44fb1e502556162913,
    type: 2}
  m_PrefabInternal: {fileID: 1332557531}
  m_GameObject: {fileID: 1771127160}
  m_LocalRotation: {x: 0, y: 0, z: 0, w: 1}
  m_LocalPosition: {x: 0, y: 0, z: 0}
  m_LocalScale: {x: 1, y: 1, z: 1}
  m_Children: []
  m_Father: {fileID: 722671490}
  m_RootOrder: 0
  m_LocalEulerAnglesHint: {x: 0, y: 0, z: 0}
  m_AnchorMin: {x: 0.5, y: 0.5}
  m_AnchorMax: {x: 0.5, y: 0.5}
  m_AnchoredPosition: {x: 64.7, y: 0.00010109}
  m_SizeDelta: {x: 76.3, y: 30}
  m_Pivot: {x: 0.5, y: 0.5}
--- !u!114 &1771127162
MonoBehaviour:
  m_ObjectHideFlags: 0
  m_PrefabParentObject: {fileID: 11421744, guid: d99555ac6ef80a44fb1e502556162913,
    type: 2}
  m_PrefabInternal: {fileID: 1332557531}
  m_GameObject: {fileID: 1771127160}
  m_Enabled: 1
  m_EditorHideFlags: 0
  m_Script: {fileID: 708705254, guid: f5f67c52d1564df4a8936ccd202a3bd8, type: 3}
  m_Name: 
  m_EditorClassIdentifier: 
  m_Material: {fileID: 0}
  m_Color: {r: 0.99215686, g: 0.99215686, b: 0.99215686, a: 0.42745098}
  m_RaycastTarget: 1
  m_OnCullStateChanged:
    m_PersistentCalls:
      m_Calls: []
    m_TypeName: UnityEngine.UI.MaskableGraphic+CullStateChangedEvent, UnityEngine.UI,
      Version=1.0.0.0, Culture=neutral, PublicKeyToken=null
  m_FontData:
    m_Font: {fileID: 12800000, guid: 218956a5c2a6e42d6a60afccf80b002b, type: 3}
    m_FontSize: 20
    m_FontStyle: 0
    m_BestFit: 0
    m_MinSize: 10
    m_MaxSize: 40
    m_Alignment: 3
    m_AlignByGeometry: 0
    m_RichText: 1
    m_HorizontalOverflow: 0
    m_VerticalOverflow: 0
    m_LineSpacing: 1
  m_Text: 43mm
--- !u!222 &1771127163
CanvasRenderer:
  m_ObjectHideFlags: 0
  m_PrefabParentObject: {fileID: 22221738, guid: d99555ac6ef80a44fb1e502556162913,
    type: 2}
  m_PrefabInternal: {fileID: 1332557531}
  m_GameObject: {fileID: 1771127160}
--- !u!1 &1845139795
GameObject:
  m_ObjectHideFlags: 0
  m_PrefabParentObject: {fileID: 121688, guid: d99555ac6ef80a44fb1e502556162913, type: 2}
  m_PrefabInternal: {fileID: 1332557531}
  serializedVersion: 5
  m_Component:
  - component: {fileID: 1845139796}
  m_Layer: 5
  m_Name: WeatherInfoSection
  m_TagString: Untagged
  m_Icon: {fileID: 0}
  m_NavMeshLayer: 0
  m_StaticEditorFlags: 0
  m_IsActive: 1
--- !u!224 &1845139796
RectTransform:
  m_ObjectHideFlags: 0
  m_PrefabParentObject: {fileID: 22421688, guid: d99555ac6ef80a44fb1e502556162913,
    type: 2}
  m_PrefabInternal: {fileID: 1332557531}
  m_GameObject: {fileID: 1845139795}
  m_LocalRotation: {x: 0, y: 0, z: 0, w: 1}
  m_LocalPosition: {x: 0, y: 0, z: 0}
  m_LocalScale: {x: 1, y: 1, z: 1}
  m_Children:
  - {fileID: 235115371}
  - {fileID: 628875010}
  - {fileID: 722671490}
  - {fileID: 1623810912}
  - {fileID: 379226945}
  m_Father: {fileID: 1583756403}
  m_RootOrder: 0
  m_LocalEulerAnglesHint: {x: 0, y: 0, z: 0}
  m_AnchorMin: {x: 0.5, y: 0.5}
  m_AnchorMax: {x: 0.5, y: 0.5}
  m_AnchoredPosition: {x: 0, y: 262.1001}
  m_SizeDelta: {x: 640, y: 513.3}
  m_Pivot: {x: 0.5, y: 0.5}
--- !u!1 &1925562141
GameObject:
  m_ObjectHideFlags: 0
  m_PrefabParentObject: {fileID: 121724, guid: d99555ac6ef80a44fb1e502556162913, type: 2}
  m_PrefabInternal: {fileID: 1332557531}
  serializedVersion: 5
  m_Component:
  - component: {fileID: 1925562142}
  - component: {fileID: 1925562144}
  - component: {fileID: 1925562143}
  m_Layer: 5
  m_Name: Icon
  m_TagString: Untagged
  m_Icon: {fileID: 0}
  m_NavMeshLayer: 0
  m_StaticEditorFlags: 0
  m_IsActive: 1
--- !u!224 &1925562142
RectTransform:
  m_ObjectHideFlags: 0
  m_PrefabParentObject: {fileID: 22421724, guid: d99555ac6ef80a44fb1e502556162913,
    type: 2}
  m_PrefabInternal: {fileID: 1332557531}
  m_GameObject: {fileID: 1925562141}
  m_LocalRotation: {x: 0, y: 0, z: 0, w: 1}
  m_LocalPosition: {x: 0, y: 0, z: 0}
  m_LocalScale: {x: 1, y: 1, z: 1}
  m_Children:
  - {fileID: 676138892}
  - {fileID: 1153874355}
  m_Father: {fileID: 655474985}
  m_RootOrder: 0
  m_LocalEulerAnglesHint: {x: 0, y: 0, z: 0}
  m_AnchorMin: {x: 0, y: 0}
  m_AnchorMax: {x: 0, y: 0}
  m_AnchoredPosition: {x: 103, y: 224.3}
  m_SizeDelta: {x: 77.9, y: 62.8}
  m_Pivot: {x: 0.5, y: 0.5}
--- !u!114 &1925562143
MonoBehaviour:
  m_ObjectHideFlags: 0
  m_PrefabParentObject: {fileID: 11421726, guid: d99555ac6ef80a44fb1e502556162913,
    type: 2}
  m_PrefabInternal: {fileID: 1332557531}
  m_GameObject: {fileID: 1925562141}
  m_Enabled: 1
  m_EditorHideFlags: 0
  m_Script: {fileID: -765806418, guid: f5f67c52d1564df4a8936ccd202a3bd8, type: 3}
  m_Name: 
  m_EditorClassIdentifier: 
  m_Material: {fileID: 0}
  m_Color: {r: 0.99607843, g: 0.99607843, b: 0.99607843, a: 1}
  m_RaycastTarget: 1
  m_OnCullStateChanged:
    m_PersistentCalls:
      m_Calls: []
    m_TypeName: UnityEngine.UI.MaskableGraphic+CullStateChangedEvent, UnityEngine.UI,
      Version=1.0.0.0, Culture=neutral, PublicKeyToken=null
  m_Sprite: {fileID: 21300000, guid: 57f0feb9c22325a428aed5b9785af52a, type: 3}
  m_Type: 1
  m_PreserveAspect: 0
  m_FillCenter: 1
  m_FillMethod: 4
  m_FillAmount: 1
  m_FillClockwise: 1
  m_FillOrigin: 0
--- !u!222 &1925562144
CanvasRenderer:
  m_ObjectHideFlags: 0
  m_PrefabParentObject: {fileID: 22221720, guid: d99555ac6ef80a44fb1e502556162913,
    type: 2}
  m_PrefabInternal: {fileID: 1332557531}
  m_GameObject: {fileID: 1925562141}
--- !u!1 &2125647645
GameObject:
  m_ObjectHideFlags: 0
  m_PrefabParentObject: {fileID: 121720, guid: d99555ac6ef80a44fb1e502556162913, type: 2}
  m_PrefabInternal: {fileID: 1332557531}
  serializedVersion: 5
  m_Component:
  - component: {fileID: 2125647646}
  - component: {fileID: 2125647648}
  - component: {fileID: 2125647647}
  m_Layer: 5
  m_Name: Text
  m_TagString: Untagged
  m_Icon: {fileID: 0}
  m_NavMeshLayer: 0
  m_StaticEditorFlags: 0
  m_IsActive: 1
--- !u!224 &2125647646
RectTransform:
  m_ObjectHideFlags: 0
  m_PrefabParentObject: {fileID: 22421720, guid: d99555ac6ef80a44fb1e502556162913,
    type: 2}
  m_PrefabInternal: {fileID: 1332557531}
  m_GameObject: {fileID: 2125647645}
  m_LocalRotation: {x: 0, y: 0, z: 0, w: 1}
  m_LocalPosition: {x: 0, y: 0, z: 0}
  m_LocalScale: {x: 1, y: 1, z: 1}
  m_Children: []
  m_Father: {fileID: 5205699}
  m_RootOrder: 2
  m_LocalEulerAnglesHint: {x: 0, y: 0, z: 0}
  m_AnchorMin: {x: 0.5, y: 0.5}
  m_AnchorMax: {x: 0.5, y: 0.5}
  m_AnchoredPosition: {x: -196, y: 0}
  m_SizeDelta: {x: 167, y: 99}
  m_Pivot: {x: 0.5, y: 0.5}
--- !u!114 &2125647647
MonoBehaviour:
  m_ObjectHideFlags: 0
  m_PrefabParentObject: {fileID: 11421722, guid: d99555ac6ef80a44fb1e502556162913,
    type: 2}
  m_PrefabInternal: {fileID: 1332557531}
  m_GameObject: {fileID: 2125647645}
  m_Enabled: 1
  m_EditorHideFlags: 0
  m_Script: {fileID: 708705254, guid: f5f67c52d1564df4a8936ccd202a3bd8, type: 3}
  m_Name: 
  m_EditorClassIdentifier: 
  m_Material: {fileID: 0}
  m_Color: {r: 0.59607846, g: 0.59607846, b: 0.59607846, a: 1}
  m_RaycastTarget: 1
  m_OnCullStateChanged:
    m_PersistentCalls:
      m_Calls: []
    m_TypeName: UnityEngine.UI.MaskableGraphic+CullStateChangedEvent, UnityEngine.UI,
      Version=1.0.0.0, Culture=neutral, PublicKeyToken=null
  m_FontData:
    m_Font: {fileID: 12800000, guid: 5c425d43bb0df45ca8eb162d5154251e, type: 3}
    m_FontSize: 26
    m_FontStyle: 0
    m_BestFit: 0
    m_MinSize: 10
    m_MaxSize: 40
    m_Alignment: 3
    m_AlignByGeometry: 0
    m_RichText: 1
    m_HorizontalOverflow: 0
    m_VerticalOverflow: 0
    m_LineSpacing: 1
  m_Text: 04:30PM
--- !u!222 &2125647648
CanvasRenderer:
  m_ObjectHideFlags: 0
  m_PrefabParentObject: {fileID: 22221716, guid: d99555ac6ef80a44fb1e502556162913,
    type: 2}
  m_PrefabInternal: {fileID: 1332557531}
  m_GameObject: {fileID: 2125647645}
