%YAML 1.1
%TAG !u! tag:unity3d.com,2011:
--- !u!29 &1
OcclusionCullingSettings:
  m_ObjectHideFlags: 0
  serializedVersion: 2
  m_OcclusionBakeSettings:
    smallestOccluder: 5
    smallestHole: 0.25
    backfaceThreshold: 100
  m_SceneGUID: 00000000000000000000000000000000
  m_OcclusionCullingData: {fileID: 0}
--- !u!104 &2
RenderSettings:
  m_ObjectHideFlags: 0
  serializedVersion: 8
  m_Fog: 0
  m_FogColor: {r: 0.5, g: 0.5, b: 0.5, a: 1}
  m_FogMode: 3
  m_FogDensity: 0.01
  m_LinearFogStart: 0
  m_LinearFogEnd: 300
  m_AmbientSkyColor: {r: 0.212, g: 0.227, b: 0.259, a: 1}
  m_AmbientEquatorColor: {r: 0.114, g: 0.125, b: 0.133, a: 1}
  m_AmbientGroundColor: {r: 0.047, g: 0.043, b: 0.035, a: 1}
  m_AmbientIntensity: 1
  m_AmbientMode: 0
  m_SubtractiveShadowColor: {r: 0.42, g: 0.478, b: 0.627, a: 1}
  m_SkyboxMaterial: {fileID: 10304, guid: 0000000000000000f000000000000000, type: 0}
  m_HaloStrength: 0.5
  m_FlareStrength: 1
  m_FlareFadeSpeed: 3
  m_HaloTexture: {fileID: 0}
  m_SpotCookie: {fileID: 10001, guid: 0000000000000000e000000000000000, type: 0}
  m_DefaultReflectionMode: 0
  m_DefaultReflectionResolution: 128
  m_ReflectionBounces: 1
  m_ReflectionIntensity: 1
  m_CustomReflection: {fileID: 0}
  m_Sun: {fileID: 0}
  m_IndirectSpecularColor: {r: 0, g: 0, b: 0, a: 1}
--- !u!157 &4
LightmapSettings:
  m_ObjectHideFlags: 0
  serializedVersion: 11
  m_GIWorkflowMode: 0
  m_GISettings:
    serializedVersion: 2
    m_BounceScale: 1
    m_IndirectOutputScale: 1
    m_AlbedoBoost: 1
    m_TemporalCoherenceThreshold: 1
    m_EnvironmentLightingMode: 0
    m_EnableBakedLightmaps: 1
    m_EnableRealtimeLightmaps: 1
  m_LightmapEditorSettings:
    serializedVersion: 9
    m_Resolution: 2
    m_BakeResolution: 40
    m_TextureWidth: 1024
    m_TextureHeight: 1024
    m_AO: 0
    m_AOMaxDistance: 1
    m_CompAOExponent: 0
    m_CompAOExponentDirect: 0
    m_Padding: 2
    m_LightmapParameters: {fileID: 0}
    m_LightmapsBakeMode: 1
    m_TextureCompression: 1
    m_FinalGather: 0
    m_FinalGatherFiltering: 1
    m_FinalGatherRayCount: 1024
    m_ReflectionCompression: 2
    m_MixedBakeMode: 1
    m_BakeBackend: 0
    m_PVRSampling: 1
    m_PVRDirectSampleCount: 32
    m_PVRSampleCount: 500
    m_PVRBounces: 2
    m_PVRFilterTypeDirect: 0
    m_PVRFilterTypeIndirect: 0
    m_PVRFilterTypeAO: 0
    m_PVRFilteringMode: 0
    m_PVRCulling: 1
    m_PVRFilteringGaussRadiusDirect: 1
    m_PVRFilteringGaussRadiusIndirect: 5
    m_PVRFilteringGaussRadiusAO: 2
    m_PVRFilteringAtrousPositionSigmaDirect: 0.5
    m_PVRFilteringAtrousPositionSigmaIndirect: 2
    m_PVRFilteringAtrousPositionSigmaAO: 1
    m_ShowResolutionOverlay: 1
  m_LightingDataAsset: {fileID: 0}
  m_UseShadowmask: 0
--- !u!196 &5
NavMeshSettings:
  serializedVersion: 2
  m_ObjectHideFlags: 0
  m_BuildSettings:
    serializedVersion: 2
    agentTypeID: 0
    agentRadius: 0.5
    agentHeight: 2
    agentSlope: 45
    agentClimb: 0.4
    ledgeDropHeight: 0
    maxJumpAcrossDistance: 0
    minRegionArea: 2
    manualCellSize: 0
    cellSize: 0.16666667
    manualTileSize: 0
    tileSize: 256
    accuratePlacement: 0
    debug:
      m_Flags: 0
  m_NavMeshData: {fileID: 0}
--- !u!1 &110902675
GameObject:
  m_ObjectHideFlags: 0
  m_PrefabParentObject: {fileID: 145834, guid: d9e4d92b8ac02be4abbd660d49dc97dc, type: 2}
  m_PrefabInternal: {fileID: 651843323}
  serializedVersion: 5
  m_Component:
  - component: {fileID: 110902676}
  - component: {fileID: 110902679}
  - component: {fileID: 110902678}
  - component: {fileID: 110902677}
  m_Layer: 5
  m_Name: Button
  m_TagString: Untagged
  m_Icon: {fileID: 0}
  m_NavMeshLayer: 0
  m_StaticEditorFlags: 0
  m_IsActive: 1
--- !u!224 &110902676
RectTransform:
  m_ObjectHideFlags: 0
  m_PrefabParentObject: {fileID: 22445834, guid: d9e4d92b8ac02be4abbd660d49dc97dc,
    type: 2}
  m_PrefabInternal: {fileID: 651843323}
  m_GameObject: {fileID: 110902675}
  m_LocalRotation: {x: 0, y: 0, z: 0, w: 1}
  m_LocalPosition: {x: 0, y: 0, z: 0}
  m_LocalScale: {x: 0.8, y: 0.8, z: 1}
  m_Children: []
  m_Father: {fileID: 1744339439}
  m_RootOrder: 5
  m_LocalEulerAnglesHint: {x: 0, y: 0, z: 0}
  m_AnchorMin: {x: 0.5, y: 0.5}
  m_AnchorMax: {x: 0.5, y: 0.5}
  m_AnchoredPosition: {x: 220, y: -507.2}
  m_SizeDelta: {x: 47, y: 40}
  m_Pivot: {x: 0.5, y: 0.5}
--- !u!114 &110902677
MonoBehaviour:
  m_ObjectHideFlags: 0
  m_PrefabParentObject: {fileID: 11445840, guid: d9e4d92b8ac02be4abbd660d49dc97dc,
    type: 2}
  m_PrefabInternal: {fileID: 651843323}
  m_GameObject: {fileID: 110902675}
  m_Enabled: 1
  m_EditorHideFlags: 0
  m_Script: {fileID: 1392445389, guid: f5f67c52d1564df4a8936ccd202a3bd8, type: 3}
  m_Name: 
  m_EditorClassIdentifier: 
  m_Navigation:
    m_Mode: 3
    m_SelectOnUp: {fileID: 0}
    m_SelectOnDown: {fileID: 0}
    m_SelectOnLeft: {fileID: 0}
    m_SelectOnRight: {fileID: 0}
  m_Transition: 1
  m_Colors:
    m_NormalColor: {r: 1, g: 1, b: 1, a: 1}
    m_HighlightedColor: {r: 0.9607843, g: 0.9607843, b: 0.9607843, a: 1}
    m_PressedColor: {r: 0.78431374, g: 0.78431374, b: 0.78431374, a: 1}
    m_DisabledColor: {r: 0.78431374, g: 0.78431374, b: 0.78431374, a: 0.5019608}
    m_ColorMultiplier: 1
    m_FadeDuration: 0.1
  m_SpriteState:
    m_HighlightedSprite: {fileID: 0}
    m_PressedSprite: {fileID: 0}
    m_DisabledSprite: {fileID: 0}
  m_AnimationTriggers:
    m_NormalTrigger: Normal
    m_HighlightedTrigger: Highlighted
    m_PressedTrigger: Pressed
    m_DisabledTrigger: Disabled
  m_Interactable: 1
  m_TargetGraphic: {fileID: 110902678}
  m_OnClick:
    m_PersistentCalls:
      m_Calls: []
    m_TypeName: UnityEngine.UI.Button+ButtonClickedEvent, UnityEngine.UI, Version=1.0.0.0,
      Culture=neutral, PublicKeyToken=null
--- !u!114 &110902678
MonoBehaviour:
  m_ObjectHideFlags: 0
  m_PrefabParentObject: {fileID: 11445842, guid: d9e4d92b8ac02be4abbd660d49dc97dc,
    type: 2}
  m_PrefabInternal: {fileID: 651843323}
  m_GameObject: {fileID: 110902675}
  m_Enabled: 1
  m_EditorHideFlags: 0
  m_Script: {fileID: -765806418, guid: f5f67c52d1564df4a8936ccd202a3bd8, type: 3}
  m_Name: 
  m_EditorClassIdentifier: 
  m_Material: {fileID: 0}
  m_Color: {r: 1, g: 1, b: 1, a: 1}
  m_RaycastTarget: 1
  m_OnCullStateChanged:
    m_PersistentCalls:
      m_Calls: []
    m_TypeName: UnityEngine.UI.MaskableGraphic+CullStateChangedEvent, UnityEngine.UI,
      Version=1.0.0.0, Culture=neutral, PublicKeyToken=null
  m_Sprite: {fileID: 21300000, guid: 8fa6c013eb48a4ee1a581ae0c6921a3a, type: 3}
  m_Type: 0
  m_PreserveAspect: 0
  m_FillCenter: 1
  m_FillMethod: 4
  m_FillAmount: 1
  m_FillClockwise: 1
  m_FillOrigin: 0
--- !u!222 &110902679
CanvasRenderer:
  m_ObjectHideFlags: 0
  m_PrefabParentObject: {fileID: 22245830, guid: d9e4d92b8ac02be4abbd660d49dc97dc,
    type: 2}
  m_PrefabInternal: {fileID: 651843323}
  m_GameObject: {fileID: 110902675}
--- !u!1 &143584792
GameObject:
  m_ObjectHideFlags: 0
  m_PrefabParentObject: {fileID: 145830, guid: d9e4d92b8ac02be4abbd660d49dc97dc, type: 2}
  m_PrefabInternal: {fileID: 651843323}
  serializedVersion: 5
  m_Component:
  - component: {fileID: 143584793}
  - component: {fileID: 143584794}
  m_Layer: 5
  m_Name: Timer
  m_TagString: Untagged
  m_Icon: {fileID: 0}
  m_NavMeshLayer: 0
  m_StaticEditorFlags: 0
  m_IsActive: 1
--- !u!224 &143584793
RectTransform:
  m_ObjectHideFlags: 0
  m_PrefabParentObject: {fileID: 22445830, guid: d9e4d92b8ac02be4abbd660d49dc97dc,
    type: 2}
  m_PrefabInternal: {fileID: 651843323}
  m_GameObject: {fileID: 143584792}
  m_LocalRotation: {x: 0, y: 0, z: 0, w: 1}
  m_LocalPosition: {x: 0, y: 0, z: 0}
  m_LocalScale: {x: 1, y: 1, z: 1}
  m_Children:
  - {fileID: 1066737228}
  - {fileID: 1273730170}
  - {fileID: 796072939}
  - {fileID: 1957555506}
  - {fileID: 1383446951}
  m_Father: {fileID: 1744339439}
  m_RootOrder: 9
  m_LocalEulerAnglesHint: {x: 0, y: 0, z: 0}
  m_AnchorMin: {x: 0.5, y: 0.5}
  m_AnchorMax: {x: 0.5, y: 0.5}
  m_AnchoredPosition: {x: 0, y: -334.5}
  m_SizeDelta: {x: 406.3, y: 20}
  m_Pivot: {x: 0.5, y: 0.5}
--- !u!114 &143584794
MonoBehaviour:
  m_ObjectHideFlags: 0
  m_PrefabParentObject: {fileID: 11445836, guid: d9e4d92b8ac02be4abbd660d49dc97dc,
    type: 2}
  m_PrefabInternal: {fileID: 651843323}
  m_GameObject: {fileID: 143584792}
  m_Enabled: 1
  m_EditorHideFlags: 0
  m_Script: {fileID: -113659843, guid: f5f67c52d1564df4a8936ccd202a3bd8, type: 3}
  m_Name: 
  m_EditorClassIdentifier: 
  m_Navigation:
    m_Mode: 3
    m_SelectOnUp: {fileID: 0}
    m_SelectOnDown: {fileID: 0}
    m_SelectOnLeft: {fileID: 0}
    m_SelectOnRight: {fileID: 0}
  m_Transition: 1
  m_Colors:
    m_NormalColor: {r: 1, g: 1, b: 1, a: 1}
    m_HighlightedColor: {r: 0.9607843, g: 0.9607843, b: 0.9607843, a: 1}
    m_PressedColor: {r: 0.78431374, g: 0.78431374, b: 0.78431374, a: 1}
    m_DisabledColor: {r: 0.78431374, g: 0.78431374, b: 0.78431374, a: 0.5019608}
    m_ColorMultiplier: 1
    m_FadeDuration: 0.1
  m_SpriteState:
    m_HighlightedSprite: {fileID: 0}
    m_PressedSprite: {fileID: 0}
    m_DisabledSprite: {fileID: 0}
  m_AnimationTriggers:
    m_NormalTrigger: Normal
    m_HighlightedTrigger: Highlighted
    m_PressedTrigger: Pressed
    m_DisabledTrigger: Disabled
  m_Interactable: 1
  m_TargetGraphic: {fileID: 1430530520}
  m_FillRect: {fileID: 1345597228}
  m_HandleRect: {fileID: 1430530519}
  m_Direction: 0
  m_MinValue: 0
  m_MaxValue: 1
  m_WholeNumbers: 0
  m_Value: 0.277
  m_OnValueChanged:
    m_PersistentCalls:
      m_Calls: []
    m_TypeName: UnityEngine.UI.Slider+SliderEvent, UnityEngine.UI, Version=1.0.0.0,
      Culture=neutral, PublicKeyToken=null
--- !u!1 &256283990
GameObject:
  m_ObjectHideFlags: 0
  m_PrefabParentObject: {fileID: 145844, guid: d9e4d92b8ac02be4abbd660d49dc97dc, type: 2}
  m_PrefabInternal: {fileID: 651843323}
  serializedVersion: 5
  m_Component:
  - component: {fileID: 256283991}
  - component: {fileID: 256283994}
  - component: {fileID: 256283993}
  - component: {fileID: 256283992}
  m_Layer: 5
  m_Name: Panel
  m_TagString: Untagged
  m_Icon: {fileID: 0}
  m_NavMeshLayer: 0
  m_StaticEditorFlags: 0
  m_IsActive: 1
--- !u!224 &256283991
RectTransform:
  m_ObjectHideFlags: 0
  m_PrefabParentObject: {fileID: 22445844, guid: d9e4d92b8ac02be4abbd660d49dc97dc,
    type: 2}
  m_PrefabInternal: {fileID: 651843323}
  m_GameObject: {fileID: 256283990}
  m_LocalRotation: {x: 0, y: 0, z: 0, w: 1}
  m_LocalPosition: {x: 0, y: 0, z: 0}
  m_LocalScale: {x: 1, y: 1, z: 1}
  m_Children:
  - {fileID: 893662504}
  - {fileID: 1136557340}
  - {fileID: 1284625667}
  m_Father: {fileID: 1744339439}
  m_RootOrder: 11
  m_LocalEulerAnglesHint: {x: 0, y: 0, z: 0}
  m_AnchorMin: {x: 0.5, y: 0.5}
  m_AnchorMax: {x: 0.5, y: 0.5}
  m_AnchoredPosition: {x: 0, y: 227}
  m_SizeDelta: {x: 342, y: 343}
  m_Pivot: {x: 0.5, y: 0.5}
--- !u!114 &256283992
MonoBehaviour:
  m_ObjectHideFlags: 0
  m_PrefabParentObject: {fileID: 11445854, guid: d9e4d92b8ac02be4abbd660d49dc97dc,
    type: 2}
  m_PrefabInternal: {fileID: 651843323}
  m_GameObject: {fileID: 256283990}
  m_Enabled: 1
  m_EditorHideFlags: 0
  m_Script: {fileID: -1200242548, guid: f5f67c52d1564df4a8936ccd202a3bd8, type: 3}
  m_Name: 
  m_EditorClassIdentifier: 
  m_ShowMaskGraphic: 1
--- !u!114 &256283993
MonoBehaviour:
  m_ObjectHideFlags: 0
  m_PrefabParentObject: {fileID: 11445856, guid: d9e4d92b8ac02be4abbd660d49dc97dc,
    type: 2}
  m_PrefabInternal: {fileID: 651843323}
  m_GameObject: {fileID: 256283990}
  m_Enabled: 1
  m_EditorHideFlags: 0
  m_Script: {fileID: -765806418, guid: f5f67c52d1564df4a8936ccd202a3bd8, type: 3}
  m_Name: 
  m_EditorClassIdentifier: 
  m_Material: {fileID: 0}
  m_Color: {r: 1, g: 1, b: 1, a: 1}
  m_RaycastTarget: 1
  m_OnCullStateChanged:
    m_PersistentCalls:
      m_Calls: []
    m_TypeName: UnityEngine.UI.MaskableGraphic+CullStateChangedEvent, UnityEngine.UI,
      Version=1.0.0.0, Culture=neutral, PublicKeyToken=null
  m_Sprite: {fileID: 21300000, guid: 7ed1238760b863f4aafde32ab3a6f28c, type: 3}
  m_Type: 1
  m_PreserveAspect: 0
  m_FillCenter: 1
  m_FillMethod: 4
  m_FillAmount: 1
  m_FillClockwise: 1
  m_FillOrigin: 0
--- !u!222 &256283994
CanvasRenderer:
  m_ObjectHideFlags: 0
  m_PrefabParentObject: {fileID: 22245838, guid: d9e4d92b8ac02be4abbd660d49dc97dc,
    type: 2}
  m_PrefabInternal: {fileID: 651843323}
  m_GameObject: {fileID: 256283990}
--- !u!1 &410794076
GameObject:
  m_ObjectHideFlags: 0
  m_PrefabParentObject: {fileID: 145822, guid: d9e4d92b8ac02be4abbd660d49dc97dc, type: 2}
  m_PrefabInternal: {fileID: 651843323}
  serializedVersion: 5
  m_Component:
  - component: {fileID: 410794077}
  - component: {fileID: 410794080}
  - component: {fileID: 410794079}
  - component: {fileID: 410794078}
  m_Layer: 5
  m_Name: Button
  m_TagString: Untagged
  m_Icon: {fileID: 0}
  m_NavMeshLayer: 0
  m_StaticEditorFlags: 0
  m_IsActive: 1
--- !u!224 &410794077
RectTransform:
  m_ObjectHideFlags: 0
  m_PrefabParentObject: {fileID: 22445822, guid: d9e4d92b8ac02be4abbd660d49dc97dc,
    type: 2}
  m_PrefabInternal: {fileID: 651843323}
  m_GameObject: {fileID: 410794076}
  m_LocalRotation: {x: 0, y: 0, z: 0, w: 1}
  m_LocalPosition: {x: 0, y: 0, z: 0}
  m_LocalScale: {x: 1, y: 1, z: 1}
  m_Children: []
  m_Father: {fileID: 1744339439}
  m_RootOrder: 1
  m_LocalEulerAnglesHint: {x: 0, y: 0, z: 0}
  m_AnchorMin: {x: 0.5, y: 0.5}
  m_AnchorMax: {x: 0.5, y: 0.5}
  m_AnchoredPosition: {x: 115, y: -240.3}
  m_SizeDelta: {x: 49, y: 30}
  m_Pivot: {x: 0.5, y: 0.5}
--- !u!114 &410794078
MonoBehaviour:
  m_ObjectHideFlags: 0
  m_PrefabParentObject: {fileID: 11445826, guid: d9e4d92b8ac02be4abbd660d49dc97dc,
    type: 2}
  m_PrefabInternal: {fileID: 651843323}
  m_GameObject: {fileID: 410794076}
  m_Enabled: 1
  m_EditorHideFlags: 0
  m_Script: {fileID: 1392445389, guid: f5f67c52d1564df4a8936ccd202a3bd8, type: 3}
  m_Name: 
  m_EditorClassIdentifier: 
  m_Navigation:
    m_Mode: 3
    m_SelectOnUp: {fileID: 0}
    m_SelectOnDown: {fileID: 0}
    m_SelectOnLeft: {fileID: 0}
    m_SelectOnRight: {fileID: 0}
  m_Transition: 1
  m_Colors:
    m_NormalColor: {r: 1, g: 1, b: 1, a: 1}
    m_HighlightedColor: {r: 0.9607843, g: 0.9607843, b: 0.9607843, a: 1}
    m_PressedColor: {r: 0.78431374, g: 0.78431374, b: 0.78431374, a: 1}
    m_DisabledColor: {r: 0.78431374, g: 0.78431374, b: 0.78431374, a: 0.5019608}
    m_ColorMultiplier: 1
    m_FadeDuration: 0.1
  m_SpriteState:
    m_HighlightedSprite: {fileID: 0}
    m_PressedSprite: {fileID: 0}
    m_DisabledSprite: {fileID: 0}
  m_AnimationTriggers:
    m_NormalTrigger: Normal
    m_HighlightedTrigger: Highlighted
    m_PressedTrigger: Pressed
    m_DisabledTrigger: Disabled
  m_Interactable: 1
  m_TargetGraphic: {fileID: 410794079}
  m_OnClick:
    m_PersistentCalls:
      m_Calls: []
    m_TypeName: UnityEngine.UI.Button+ButtonClickedEvent, UnityEngine.UI, Version=1.0.0.0,
      Culture=neutral, PublicKeyToken=null
--- !u!114 &410794079
MonoBehaviour:
  m_ObjectHideFlags: 0
  m_PrefabParentObject: {fileID: 11445828, guid: d9e4d92b8ac02be4abbd660d49dc97dc,
    type: 2}
  m_PrefabInternal: {fileID: 651843323}
  m_GameObject: {fileID: 410794076}
  m_Enabled: 1
  m_EditorHideFlags: 0
  m_Script: {fileID: -765806418, guid: f5f67c52d1564df4a8936ccd202a3bd8, type: 3}
  m_Name: 
  m_EditorClassIdentifier: 
  m_Material: {fileID: 0}
  m_Color: {r: 1, g: 1, b: 1, a: 1}
  m_RaycastTarget: 1
  m_OnCullStateChanged:
    m_PersistentCalls:
      m_Calls: []
    m_TypeName: UnityEngine.UI.MaskableGraphic+CullStateChangedEvent, UnityEngine.UI,
      Version=1.0.0.0, Culture=neutral, PublicKeyToken=null
  m_Sprite: {fileID: 21300000, guid: 8d3e2c3d8e35f45a799d6dfec6e953a2, type: 3}
  m_Type: 0
  m_PreserveAspect: 0
  m_FillCenter: 1
  m_FillMethod: 4
  m_FillAmount: 1
  m_FillClockwise: 1
  m_FillOrigin: 0
--- !u!222 &410794080
CanvasRenderer:
  m_ObjectHideFlags: 0
  m_PrefabParentObject: {fileID: 22245820, guid: d9e4d92b8ac02be4abbd660d49dc97dc,
    type: 2}
  m_PrefabInternal: {fileID: 651843323}
  m_GameObject: {fileID: 410794076}
--- !u!1001 &651843323
Prefab:
  m_ObjectHideFlags: 0
  serializedVersion: 2
  m_Modification:
    m_TransformParent: {fileID: 0}
    m_Modifications:
    - target: {fileID: 22445820, guid: d9e4d92b8ac02be4abbd660d49dc97dc, type: 2}
      propertyPath: m_LocalPosition.x
      value: 0
      objectReference: {fileID: 0}
    - target: {fileID: 22445820, guid: d9e4d92b8ac02be4abbd660d49dc97dc, type: 2}
      propertyPath: m_LocalPosition.y
      value: 0
      objectReference: {fileID: 0}
    - target: {fileID: 22445820, guid: d9e4d92b8ac02be4abbd660d49dc97dc, type: 2}
      propertyPath: m_LocalPosition.z
      value: 0
      objectReference: {fileID: 0}
    - target: {fileID: 22445820, guid: d9e4d92b8ac02be4abbd660d49dc97dc, type: 2}
      propertyPath: m_LocalRotation.x
      value: 0
      objectReference: {fileID: 0}
    - target: {fileID: 22445820, guid: d9e4d92b8ac02be4abbd660d49dc97dc, type: 2}
      propertyPath: m_LocalRotation.y
      value: 0
      objectReference: {fileID: 0}
    - target: {fileID: 22445820, guid: d9e4d92b8ac02be4abbd660d49dc97dc, type: 2}
      propertyPath: m_LocalRotation.z
      value: 0
      objectReference: {fileID: 0}
    - target: {fileID: 22445820, guid: d9e4d92b8ac02be4abbd660d49dc97dc, type: 2}
      propertyPath: m_LocalRotation.w
      value: 1
      objectReference: {fileID: 0}
    - target: {fileID: 22445820, guid: d9e4d92b8ac02be4abbd660d49dc97dc, type: 2}
      propertyPath: m_RootOrder
      value: 0
      objectReference: {fileID: 0}
    - target: {fileID: 22445820, guid: d9e4d92b8ac02be4abbd660d49dc97dc, type: 2}
      propertyPath: m_AnchoredPosition.x
      value: 0
      objectReference: {fileID: 0}
    - target: {fileID: 22445820, guid: d9e4d92b8ac02be4abbd660d49dc97dc, type: 2}
      propertyPath: m_AnchoredPosition.y
      value: 0
      objectReference: {fileID: 0}
    - target: {fileID: 22445820, guid: d9e4d92b8ac02be4abbd660d49dc97dc, type: 2}
      propertyPath: m_SizeDelta.x
      value: 0
      objectReference: {fileID: 0}
    - target: {fileID: 22445820, guid: d9e4d92b8ac02be4abbd660d49dc97dc, type: 2}
      propertyPath: m_SizeDelta.y
      value: 0
      objectReference: {fileID: 0}
    - target: {fileID: 22445820, guid: d9e4d92b8ac02be4abbd660d49dc97dc, type: 2}
      propertyPath: m_AnchorMin.x
      value: 0
      objectReference: {fileID: 0}
    - target: {fileID: 22445820, guid: d9e4d92b8ac02be4abbd660d49dc97dc, type: 2}
      propertyPath: m_AnchorMin.y
      value: 0
      objectReference: {fileID: 0}
    - target: {fileID: 22445820, guid: d9e4d92b8ac02be4abbd660d49dc97dc, type: 2}
      propertyPath: m_AnchorMax.x
      value: 0
      objectReference: {fileID: 0}
    - target: {fileID: 22445820, guid: d9e4d92b8ac02be4abbd660d49dc97dc, type: 2}
      propertyPath: m_AnchorMax.y
      value: 0
      objectReference: {fileID: 0}
    - target: {fileID: 22445820, guid: d9e4d92b8ac02be4abbd660d49dc97dc, type: 2}
      propertyPath: m_Pivot.x
      value: 0
      objectReference: {fileID: 0}
    - target: {fileID: 22445820, guid: d9e4d92b8ac02be4abbd660d49dc97dc, type: 2}
      propertyPath: m_Pivot.y
      value: 0
      objectReference: {fileID: 0}
    - target: {fileID: 22445826, guid: d9e4d92b8ac02be4abbd660d49dc97dc, type: 2}
      propertyPath: m_AnchorMax.x
      value: 0.277
      objectReference: {fileID: 0}
    - target: {fileID: 22445826, guid: d9e4d92b8ac02be4abbd660d49dc97dc, type: 2}
      propertyPath: m_AnchorMax.y
      value: 1
      objectReference: {fileID: 0}
    - target: {fileID: 22445846, guid: d9e4d92b8ac02be4abbd660d49dc97dc, type: 2}
      propertyPath: m_AnchorMin.x
      value: 0.277
      objectReference: {fileID: 0}
    - target: {fileID: 22445846, guid: d9e4d92b8ac02be4abbd660d49dc97dc, type: 2}
      propertyPath: m_AnchorMax.x
      value: 0.277
      objectReference: {fileID: 0}
    - target: {fileID: 22445846, guid: d9e4d92b8ac02be4abbd660d49dc97dc, type: 2}
      propertyPath: m_AnchorMax.y
      value: 1
      objectReference: {fileID: 0}
    m_RemovedComponents: []
  m_ParentPrefab: {fileID: 100100000, guid: d9e4d92b8ac02be4abbd660d49dc97dc, type: 2}
  m_RootGameObject: {fileID: 1831621002}
  m_IsPrefabParent: 0
--- !u!1 &728173363
GameObject:
  m_ObjectHideFlags: 0
  m_PrefabParentObject: {fileID: 145818, guid: d9e4d92b8ac02be4abbd660d49dc97dc, type: 2}
  m_PrefabInternal: {fileID: 651843323}
  serializedVersion: 5
  m_Component:
  - component: {fileID: 728173364}
  - component: {fileID: 728173367}
  - component: {fileID: 728173366}
  - component: {fileID: 728173365}
  m_Layer: 5
  m_Name: Button
  m_TagString: Untagged
  m_Icon: {fileID: 0}
  m_NavMeshLayer: 0
  m_StaticEditorFlags: 0
  m_IsActive: 1
--- !u!224 &728173364
RectTransform:
  m_ObjectHideFlags: 0
  m_PrefabParentObject: {fileID: 22445818, guid: d9e4d92b8ac02be4abbd660d49dc97dc,
    type: 2}
  m_PrefabInternal: {fileID: 651843323}
  m_GameObject: {fileID: 728173363}
  m_LocalRotation: {x: 0, y: 0, z: 0, w: 1}
  m_LocalPosition: {x: 0, y: 0, z: 0}
  m_LocalScale: {x: 1, y: 1, z: 1}
  m_Children: []
  m_Father: {fileID: 1744339439}
  m_RootOrder: 0
  m_LocalEulerAnglesHint: {x: 0, y: 0, z: 0}
  m_AnchorMin: {x: 0.5, y: 0.5}
  m_AnchorMax: {x: 0.5, y: 0.5}
  m_AnchoredPosition: {x: 6, y: -240.3}
  m_SizeDelta: {x: 31.3, y: 37.304}
  m_Pivot: {x: 0.5, y: 0.5}
--- !u!114 &728173365
MonoBehaviour:
  m_ObjectHideFlags: 0
  m_PrefabParentObject: {fileID: 11445818, guid: d9e4d92b8ac02be4abbd660d49dc97dc,
    type: 2}
  m_PrefabInternal: {fileID: 651843323}
  m_GameObject: {fileID: 728173363}
  m_Enabled: 1
  m_EditorHideFlags: 0
  m_Script: {fileID: 1392445389, guid: f5f67c52d1564df4a8936ccd202a3bd8, type: 3}
  m_Name: 
  m_EditorClassIdentifier: 
  m_Navigation:
    m_Mode: 3
    m_SelectOnUp: {fileID: 0}
    m_SelectOnDown: {fileID: 0}
    m_SelectOnLeft: {fileID: 0}
    m_SelectOnRight: {fileID: 0}
  m_Transition: 1
  m_Colors:
    m_NormalColor: {r: 1, g: 1, b: 1, a: 1}
    m_HighlightedColor: {r: 0.9607843, g: 0.9607843, b: 0.9607843, a: 1}
    m_PressedColor: {r: 0.78431374, g: 0.78431374, b: 0.78431374, a: 1}
    m_DisabledColor: {r: 0.78431374, g: 0.78431374, b: 0.78431374, a: 0.5019608}
    m_ColorMultiplier: 1
    m_FadeDuration: 0.1
  m_SpriteState:
    m_HighlightedSprite: {fileID: 0}
    m_PressedSprite: {fileID: 0}
    m_DisabledSprite: {fileID: 0}
  m_AnimationTriggers:
    m_NormalTrigger: Normal
    m_HighlightedTrigger: Highlighted
    m_PressedTrigger: Pressed
    m_DisabledTrigger: Disabled
  m_Interactable: 1
  m_TargetGraphic: {fileID: 728173366}
  m_OnClick:
    m_PersistentCalls:
      m_Calls: []
    m_TypeName: UnityEngine.UI.Button+ButtonClickedEvent, UnityEngine.UI, Version=1.0.0.0,
      Culture=neutral, PublicKeyToken=null
--- !u!114 &728173366
MonoBehaviour:
  m_ObjectHideFlags: 0
  m_PrefabParentObject: {fileID: 11445820, guid: d9e4d92b8ac02be4abbd660d49dc97dc,
    type: 2}
  m_PrefabInternal: {fileID: 651843323}
  m_GameObject: {fileID: 728173363}
  m_Enabled: 1
  m_EditorHideFlags: 0
  m_Script: {fileID: -765806418, guid: f5f67c52d1564df4a8936ccd202a3bd8, type: 3}
  m_Name: 
  m_EditorClassIdentifier: 
  m_Material: {fileID: 0}
  m_Color: {r: 1, g: 1, b: 1, a: 1}
  m_RaycastTarget: 1
  m_OnCullStateChanged:
    m_PersistentCalls:
      m_Calls: []
    m_TypeName: UnityEngine.UI.MaskableGraphic+CullStateChangedEvent, UnityEngine.UI,
      Version=1.0.0.0, Culture=neutral, PublicKeyToken=null
  m_Sprite: {fileID: 21300000, guid: 7ec47acafbe0c4b79aff5aa9019068ba, type: 3}
  m_Type: 0
  m_PreserveAspect: 0
  m_FillCenter: 1
  m_FillMethod: 4
  m_FillAmount: 1
  m_FillClockwise: 1
  m_FillOrigin: 0
--- !u!222 &728173367
CanvasRenderer:
  m_ObjectHideFlags: 0
  m_PrefabParentObject: {fileID: 22245816, guid: d9e4d92b8ac02be4abbd660d49dc97dc,
    type: 2}
  m_PrefabInternal: {fileID: 651843323}
  m_GameObject: {fileID: 728173363}
--- !u!1 &796072938
GameObject:
  m_ObjectHideFlags: 0
  m_PrefabParentObject: {fileID: 145838, guid: d9e4d92b8ac02be4abbd660d49dc97dc, type: 2}
  m_PrefabInternal: {fileID: 651843323}
  serializedVersion: 5
  m_Component:
  - component: {fileID: 796072939}
  m_Layer: 5
  m_Name: Handle Slide Area
  m_TagString: Untagged
  m_Icon: {fileID: 0}
  m_NavMeshLayer: 0
  m_StaticEditorFlags: 0
  m_IsActive: 1
--- !u!224 &796072939
RectTransform:
  m_ObjectHideFlags: 0
  m_PrefabParentObject: {fileID: 22445838, guid: d9e4d92b8ac02be4abbd660d49dc97dc,
    type: 2}
  m_PrefabInternal: {fileID: 651843323}
  m_GameObject: {fileID: 796072938}
  m_LocalRotation: {x: 0, y: 0, z: 0, w: 1}
  m_LocalPosition: {x: 0, y: 0, z: 0}
  m_LocalScale: {x: 1, y: 1, z: 1}
  m_Children:
  - {fileID: 1430530519}
  m_Father: {fileID: 143584793}
  m_RootOrder: 2
  m_LocalEulerAnglesHint: {x: 0, y: 0, z: 0}
  m_AnchorMin: {x: 0, y: 0}
  m_AnchorMax: {x: 1, y: 1}
  m_AnchoredPosition: {x: -3.8, y: 0}
  m_SizeDelta: {x: -12.5, y: 0}
  m_Pivot: {x: 0.5, y: 0.5}
--- !u!1 &893662503
GameObject:
  m_ObjectHideFlags: 0
  m_PrefabParentObject: {fileID: 145860, guid: d9e4d92b8ac02be4abbd660d49dc97dc, type: 2}
  m_PrefabInternal: {fileID: 651843323}
  serializedVersion: 5
  m_Component:
  - component: {fileID: 893662504}
  - component: {fileID: 893662506}
  - component: {fileID: 893662505}
  m_Layer: 5
  m_Name: Image
  m_TagString: Untagged
  m_Icon: {fileID: 0}
  m_NavMeshLayer: 0
  m_StaticEditorFlags: 0
  m_IsActive: 1
--- !u!224 &893662504
RectTransform:
  m_ObjectHideFlags: 0
  m_PrefabParentObject: {fileID: 22445860, guid: d9e4d92b8ac02be4abbd660d49dc97dc,
    type: 2}
  m_PrefabInternal: {fileID: 651843323}
  m_GameObject: {fileID: 893662503}
  m_LocalRotation: {x: 0, y: 0, z: 0, w: 1}
  m_LocalPosition: {x: 0, y: 0, z: 0}
  m_LocalScale: {x: 1, y: 1, z: 1}
  m_Children: []
  m_Father: {fileID: 256283991}
  m_RootOrder: 0
  m_LocalEulerAnglesHint: {x: 0, y: 0, z: 0}
  m_AnchorMin: {x: 0.5, y: 0.5}
  m_AnchorMax: {x: 0.5, y: 0.5}
  m_AnchoredPosition: {x: -57, y: -0.0000054836273}
  m_SizeDelta: {x: 524, y: 349}
  m_Pivot: {x: 0.5, y: 0.5}
--- !u!114 &893662505
MonoBehaviour:
  m_ObjectHideFlags: 0
  m_PrefabParentObject: {fileID: 11445874, guid: d9e4d92b8ac02be4abbd660d49dc97dc,
    type: 2}
  m_PrefabInternal: {fileID: 651843323}
  m_GameObject: {fileID: 893662503}
  m_Enabled: 1
  m_EditorHideFlags: 0
  m_Script: {fileID: -765806418, guid: f5f67c52d1564df4a8936ccd202a3bd8, type: 3}
  m_Name: 
  m_EditorClassIdentifier: 
  m_Material: {fileID: 0}
  m_Color: {r: 1, g: 1, b: 1, a: 1}
  m_RaycastTarget: 1
  m_OnCullStateChanged:
    m_PersistentCalls:
      m_Calls: []
    m_TypeName: UnityEngine.UI.MaskableGraphic+CullStateChangedEvent, UnityEngine.UI,
      Version=1.0.0.0, Culture=neutral, PublicKeyToken=null
  m_Sprite: {fileID: 21300000, guid: c12ae905060fc354bb83f7bf14d807d4, type: 3}
  m_Type: 0
  m_PreserveAspect: 0
  m_FillCenter: 1
  m_FillMethod: 4
  m_FillAmount: 1
  m_FillClockwise: 1
  m_FillOrigin: 0
--- !u!222 &893662506
CanvasRenderer:
  m_ObjectHideFlags: 0
  m_PrefabParentObject: {fileID: 22245854, guid: d9e4d92b8ac02be4abbd660d49dc97dc,
    type: 2}
  m_PrefabInternal: {fileID: 651843323}
  m_GameObject: {fileID: 893662503}
--- !u!1 &900228247
GameObject:
  m_ObjectHideFlags: 0
  m_PrefabParentObject: {fileID: 145832, guid: d9e4d92b8ac02be4abbd660d49dc97dc, type: 2}
  m_PrefabInternal: {fileID: 651843323}
  serializedVersion: 5
  m_Component:
  - component: {fileID: 900228248}
  - component: {fileID: 900228250}
  - component: {fileID: 900228249}
  m_Layer: 5
  m_Name: AppTitle
  m_TagString: Untagged
  m_Icon: {fileID: 0}
  m_NavMeshLayer: 0
  m_StaticEditorFlags: 0
  m_IsActive: 1
--- !u!224 &900228248
RectTransform:
  m_ObjectHideFlags: 0
  m_PrefabParentObject: {fileID: 22445832, guid: d9e4d92b8ac02be4abbd660d49dc97dc,
    type: 2}
  m_PrefabInternal: {fileID: 651843323}
  m_GameObject: {fileID: 900228247}
  m_LocalRotation: {x: 0, y: 0, z: 0, w: 1}
  m_LocalPosition: {x: 0, y: 0, z: 0}
  m_LocalScale: {x: 1, y: 1, z: 1}
  m_Children: []
  m_Father: {fileID: 1326364376}
  m_RootOrder: 0
  m_LocalEulerAnglesHint: {x: 0, y: 0, z: 0}
  m_AnchorMin: {x: 0.5, y: 0.5}
  m_AnchorMax: {x: 0.5, y: 0.5}
  m_AnchoredPosition: {x: 0, y: -71}
  m_SizeDelta: {x: 695, y: 67}
  m_Pivot: {x: 0.5, y: 0.5}
--- !u!114 &900228249
MonoBehaviour:
  m_ObjectHideFlags: 0
  m_PrefabParentObject: {fileID: 11445838, guid: d9e4d92b8ac02be4abbd660d49dc97dc,
    type: 2}
  m_PrefabInternal: {fileID: 651843323}
  m_GameObject: {fileID: 900228247}
  m_Enabled: 1
  m_EditorHideFlags: 0
  m_Script: {fileID: 708705254, guid: f5f67c52d1564df4a8936ccd202a3bd8, type: 3}
  m_Name: 
  m_EditorClassIdentifier: 
  m_Material: {fileID: 0}
  m_Color: {r: 0.85490197, g: 0.85490197, b: 0.85490197, a: 1}
  m_RaycastTarget: 1
  m_OnCullStateChanged:
    m_PersistentCalls:
      m_Calls: []
    m_TypeName: UnityEngine.UI.MaskableGraphic+CullStateChangedEvent, UnityEngine.UI,
      Version=1.0.0.0, Culture=neutral, PublicKeyToken=null
  m_FontData:
    m_Font: {fileID: 12800000, guid: 218956a5c2a6e42d6a60afccf80b002b, type: 3}
    m_FontSize: 40
    m_FontStyle: 0
    m_BestFit: 0
    m_MinSize: 10
    m_MaxSize: 40
    m_Alignment: 0
    m_AlignByGeometry: 0
    m_RichText: 1
    m_HorizontalOverflow: 0
    m_VerticalOverflow: 1
    m_LineSpacing: 1
  m_Text: APP SAMPLE
--- !u!222 &900228250
CanvasRenderer:
  m_ObjectHideFlags: 0
  m_PrefabParentObject: {fileID: 22245828, guid: d9e4d92b8ac02be4abbd660d49dc97dc,
    type: 2}
  m_PrefabInternal: {fileID: 651843323}
  m_GameObject: {fileID: 900228247}
--- !u!1 &1066737227
GameObject:
  m_ObjectHideFlags: 0
  m_PrefabParentObject: {fileID: 145864, guid: d9e4d92b8ac02be4abbd660d49dc97dc, type: 2}
  m_PrefabInternal: {fileID: 651843323}
  serializedVersion: 5
  m_Component:
  - component: {fileID: 1066737228}
  - component: {fileID: 1066737230}
  - component: {fileID: 1066737229}
  m_Layer: 5
  m_Name: Background
  m_TagString: Untagged
  m_Icon: {fileID: 0}
  m_NavMeshLayer: 0
  m_StaticEditorFlags: 0
  m_IsActive: 1
--- !u!224 &1066737228
RectTransform:
  m_ObjectHideFlags: 0
  m_PrefabParentObject: {fileID: 22445864, guid: d9e4d92b8ac02be4abbd660d49dc97dc,
    type: 2}
  m_PrefabInternal: {fileID: 651843323}
  m_GameObject: {fileID: 1066737227}
  m_LocalRotation: {x: 0, y: 0, z: 0, w: 1}
  m_LocalPosition: {x: 0, y: 0, z: 0}
  m_LocalScale: {x: 1, y: 1, z: 1}
  m_Children: []
  m_Father: {fileID: 143584793}
  m_RootOrder: 0
  m_LocalEulerAnglesHint: {x: 0, y: 0, z: 0}
  m_AnchorMin: {x: 0, y: 0.25}
  m_AnchorMax: {x: 1, y: 0.75}
  m_AnchoredPosition: {x: -5.0000014, y: 0}
  m_SizeDelta: {x: -10, y: -4}
  m_Pivot: {x: 0.5, y: 0.5}
--- !u!114 &1066737229
MonoBehaviour:
  m_ObjectHideFlags: 0
  m_PrefabParentObject: {fileID: 11445878, guid: d9e4d92b8ac02be4abbd660d49dc97dc,
    type: 2}
  m_PrefabInternal: {fileID: 651843323}
  m_GameObject: {fileID: 1066737227}
  m_Enabled: 1
  m_EditorHideFlags: 0
  m_Script: {fileID: -765806418, guid: f5f67c52d1564df4a8936ccd202a3bd8, type: 3}
  m_Name: 
  m_EditorClassIdentifier: 
  m_Material: {fileID: 0}
  m_Color: {r: 1, g: 1, b: 1, a: 1}
  m_RaycastTarget: 1
  m_OnCullStateChanged:
    m_PersistentCalls:
      m_Calls: []
    m_TypeName: UnityEngine.UI.MaskableGraphic+CullStateChangedEvent, UnityEngine.UI,
      Version=1.0.0.0, Culture=neutral, PublicKeyToken=null
  m_Sprite: {fileID: 21300000, guid: 7ed1238760b863f4aafde32ab3a6f28c, type: 3}
  m_Type: 1
  m_PreserveAspect: 0
  m_FillCenter: 1
  m_FillMethod: 4
  m_FillAmount: 1
  m_FillClockwise: 1
  m_FillOrigin: 0
--- !u!222 &1066737230
CanvasRenderer:
  m_ObjectHideFlags: 0
  m_PrefabParentObject: {fileID: 22245858, guid: d9e4d92b8ac02be4abbd660d49dc97dc,
    type: 2}
  m_PrefabInternal: {fileID: 651843323}
  m_GameObject: {fileID: 1066737227}
--- !u!1 &1136557339
GameObject:
  m_ObjectHideFlags: 0
  m_PrefabParentObject: {fileID: 145850, guid: d9e4d92b8ac02be4abbd660d49dc97dc, type: 2}
  m_PrefabInternal: {fileID: 651843323}
  serializedVersion: 5
  m_Component:
  - component: {fileID: 1136557340}
  - component: {fileID: 1136557342}
  - component: {fileID: 1136557341}
  m_Layer: 5
  m_Name: Image
  m_TagString: Untagged
  m_Icon: {fileID: 0}
  m_NavMeshLayer: 0
  m_StaticEditorFlags: 0
  m_IsActive: 1
--- !u!224 &1136557340
RectTransform:
  m_ObjectHideFlags: 0
  m_PrefabParentObject: {fileID: 22445850, guid: d9e4d92b8ac02be4abbd660d49dc97dc,
    type: 2}
  m_PrefabInternal: {fileID: 651843323}
  m_GameObject: {fileID: 1136557339}
  m_LocalRotation: {x: 0, y: 0, z: 0, w: 1}
  m_LocalPosition: {x: 0, y: 0, z: 0}
  m_LocalScale: {x: 1, y: 1, z: 1}
  m_Children: []
  m_Father: {fileID: 256283991}
  m_RootOrder: 1
  m_LocalEulerAnglesHint: {x: 0, y: 0, z: 0}
  m_AnchorMin: {x: 0.5, y: 0.5}
  m_AnchorMax: {x: 0.5, y: 0.5}
  m_AnchoredPosition: {x: 0, y: 0}
  m_SizeDelta: {x: 342.5, y: 342.5}
  m_Pivot: {x: 0.5, y: 0.5}
--- !u!114 &1136557341
MonoBehaviour:
  m_ObjectHideFlags: 0
  m_PrefabParentObject: {fileID: 11445862, guid: d9e4d92b8ac02be4abbd660d49dc97dc,
    type: 2}
  m_PrefabInternal: {fileID: 651843323}
  m_GameObject: {fileID: 1136557339}
  m_Enabled: 1
  m_EditorHideFlags: 0
  m_Script: {fileID: -765806418, guid: f5f67c52d1564df4a8936ccd202a3bd8, type: 3}
  m_Name: 
  m_EditorClassIdentifier: 
  m_Material: {fileID: 0}
  m_Color: {r: 1, g: 1, b: 1, a: 0.05882353}
  m_RaycastTarget: 1
  m_OnCullStateChanged:
    m_PersistentCalls:
      m_Calls: []
    m_TypeName: UnityEngine.UI.MaskableGraphic+CullStateChangedEvent, UnityEngine.UI,
      Version=1.0.0.0, Culture=neutral, PublicKeyToken=null
  m_Sprite: {fileID: 21300000, guid: c4f365291f5513c4f90ea007ba10a8bd, type: 3}
  m_Type: 1
  m_PreserveAspect: 0
  m_FillCenter: 1
  m_FillMethod: 4
  m_FillAmount: 1
  m_FillClockwise: 1
  m_FillOrigin: 0
--- !u!222 &1136557342
CanvasRenderer:
  m_ObjectHideFlags: 0
  m_PrefabParentObject: {fileID: 22245844, guid: d9e4d92b8ac02be4abbd660d49dc97dc,
    type: 2}
  m_PrefabInternal: {fileID: 651843323}
  m_GameObject: {fileID: 1136557339}
--- !u!1 &1273730169
GameObject:
  m_ObjectHideFlags: 0
  m_PrefabParentObject: {fileID: 145814, guid: d9e4d92b8ac02be4abbd660d49dc97dc, type: 2}
  m_PrefabInternal: {fileID: 651843323}
  serializedVersion: 5
  m_Component:
  - component: {fileID: 1273730170}
  m_Layer: 5
  m_Name: Fill Area
  m_TagString: Untagged
  m_Icon: {fileID: 0}
  m_NavMeshLayer: 0
  m_StaticEditorFlags: 0
  m_IsActive: 1
--- !u!224 &1273730170
RectTransform:
  m_ObjectHideFlags: 0
  m_PrefabParentObject: {fileID: 22445814, guid: d9e4d92b8ac02be4abbd660d49dc97dc,
    type: 2}
  m_PrefabInternal: {fileID: 651843323}
  m_GameObject: {fileID: 1273730169}
  m_LocalRotation: {x: 0, y: 0, z: 0, w: 1}
  m_LocalPosition: {x: 0, y: 0, z: 0}
  m_LocalScale: {x: 1, y: 1, z: 1}
  m_Children:
  - {fileID: 1345597228}
  m_Father: {fileID: 143584793}
  m_RootOrder: 1
  m_LocalEulerAnglesHint: {x: 0, y: 0, z: 0}
  m_AnchorMin: {x: 0, y: 0.25}
  m_AnchorMax: {x: 1, y: 0.75}
  m_AnchoredPosition: {x: -7.499997, y: 0}
  m_SizeDelta: {x: -15, y: 0}
  m_Pivot: {x: 0.5, y: 0.5}
--- !u!1 &1284625666
GameObject:
  m_ObjectHideFlags: 0
  m_PrefabParentObject: {fileID: 145854, guid: d9e4d92b8ac02be4abbd660d49dc97dc, type: 2}
  m_PrefabInternal: {fileID: 651843323}
  serializedVersion: 5
  m_Component:
  - component: {fileID: 1284625667}
  - component: {fileID: 1284625669}
  - component: {fileID: 1284625668}
  m_Layer: 5
  m_Name: Text
  m_TagString: Untagged
  m_Icon: {fileID: 0}
  m_NavMeshLayer: 0
  m_StaticEditorFlags: 0
  m_IsActive: 1
--- !u!224 &1284625667
RectTransform:
  m_ObjectHideFlags: 0
  m_PrefabParentObject: {fileID: 22445854, guid: d9e4d92b8ac02be4abbd660d49dc97dc,
    type: 2}
  m_PrefabInternal: {fileID: 651843323}
  m_GameObject: {fileID: 1284625666}
  m_LocalRotation: {x: 0, y: 0, z: 0, w: 1}
  m_LocalPosition: {x: 0, y: 0, z: 0}
  m_LocalScale: {x: 1, y: 1, z: 1}
  m_Children: []
  m_Father: {fileID: 256283991}
  m_RootOrder: 2
  m_LocalEulerAnglesHint: {x: 0, y: 0, z: 0}
  m_AnchorMin: {x: 0.5, y: 0.5}
  m_AnchorMax: {x: 0.5, y: 0.5}
  m_AnchoredPosition: {x: -0.1250031, y: 0}
  m_SizeDelta: {x: 342.25, y: 342.5}
  m_Pivot: {x: 0.5, y: 0.5}
--- !u!114 &1284625668
MonoBehaviour:
  m_ObjectHideFlags: 0
  m_PrefabParentObject: {fileID: 11445868, guid: d9e4d92b8ac02be4abbd660d49dc97dc,
    type: 2}
  m_PrefabInternal: {fileID: 651843323}
  m_GameObject: {fileID: 1284625666}
  m_Enabled: 1
  m_EditorHideFlags: 0
  m_Script: {fileID: 708705254, guid: f5f67c52d1564df4a8936ccd202a3bd8, type: 3}
  m_Name: 
  m_EditorClassIdentifier: 
  m_Material: {fileID: 0}
  m_Color: {r: 1, g: 1, b: 1, a: 0.40392157}
  m_RaycastTarget: 1
  m_OnCullStateChanged:
    m_PersistentCalls:
      m_Calls: []
    m_TypeName: UnityEngine.UI.MaskableGraphic+CullStateChangedEvent, UnityEngine.UI,
      Version=1.0.0.0, Culture=neutral, PublicKeyToken=null
  m_FontData:
    m_Font: {fileID: 12800000, guid: 5c425d43bb0df45ca8eb162d5154251e, type: 3}
    m_FontSize: 40
    m_FontStyle: 0
    m_BestFit: 0
    m_MinSize: 10
    m_MaxSize: 40
    m_Alignment: 4
    m_AlignByGeometry: 0
    m_RichText: 1
    m_HorizontalOverflow: 0
    m_VerticalOverflow: 0
    m_LineSpacing: 1
  m_Text: "\rGrinds"
--- !u!222 &1284625669
CanvasRenderer:
  m_ObjectHideFlags: 0
  m_PrefabParentObject: {fileID: 22245848, guid: d9e4d92b8ac02be4abbd660d49dc97dc,
    type: 2}
  m_PrefabInternal: {fileID: 651843323}
  m_GameObject: {fileID: 1284625666}
--- !u!1 &1304258681
GameObject:
  m_ObjectHideFlags: 0
  m_PrefabParentObject: {fileID: 145868, guid: d9e4d92b8ac02be4abbd660d49dc97dc, type: 2}
  m_PrefabInternal: {fileID: 651843323}
  serializedVersion: 5
  m_Component:
  - component: {fileID: 1304258682}
  - component: {fileID: 1304258685}
  - component: {fileID: 1304258684}
  - component: {fileID: 1304258683}
  m_Layer: 5
  m_Name: Button
  m_TagString: Untagged
  m_Icon: {fileID: 0}
  m_NavMeshLayer: 0
  m_StaticEditorFlags: 0
  m_IsActive: 1
--- !u!224 &1304258682
RectTransform:
  m_ObjectHideFlags: 0
  m_PrefabParentObject: {fileID: 22445868, guid: d9e4d92b8ac02be4abbd660d49dc97dc,
    type: 2}
  m_PrefabInternal: {fileID: 651843323}
  m_GameObject: {fileID: 1304258681}
  m_LocalRotation: {x: 0, y: 0, z: 0, w: 1}
  m_LocalPosition: {x: 0, y: 0, z: 0}
  m_LocalScale: {x: 1, y: 1, z: 1}
  m_Children: []
  m_Father: {fileID: 1772256738}
  m_RootOrder: 1
  m_LocalEulerAnglesHint: {x: 0, y: 0, z: 0}
  m_AnchorMin: {x: 0.5, y: 0.5}
  m_AnchorMax: {x: 0.5, y: 0.5}
  m_AnchoredPosition: {x: 238, y: 0}
  m_SizeDelta: {x: 38, y: 38}
  m_Pivot: {x: 0.5, y: 0.5}
--- !u!114 &1304258683
MonoBehaviour:
  m_ObjectHideFlags: 0
  m_PrefabParentObject: {fileID: 11445884, guid: d9e4d92b8ac02be4abbd660d49dc97dc,
    type: 2}
  m_PrefabInternal: {fileID: 651843323}
  m_GameObject: {fileID: 1304258681}
  m_Enabled: 1
  m_EditorHideFlags: 0
  m_Script: {fileID: 1392445389, guid: f5f67c52d1564df4a8936ccd202a3bd8, type: 3}
  m_Name: 
  m_EditorClassIdentifier: 
  m_Navigation:
    m_Mode: 3
    m_SelectOnUp: {fileID: 0}
    m_SelectOnDown: {fileID: 0}
    m_SelectOnLeft: {fileID: 0}
    m_SelectOnRight: {fileID: 0}
  m_Transition: 1
  m_Colors:
    m_NormalColor: {r: 1, g: 1, b: 1, a: 1}
    m_HighlightedColor: {r: 0.9607843, g: 0.9607843, b: 0.9607843, a: 1}
    m_PressedColor: {r: 0.78431374, g: 0.78431374, b: 0.78431374, a: 1}
    m_DisabledColor: {r: 0.78431374, g: 0.78431374, b: 0.78431374, a: 0.5019608}
    m_ColorMultiplier: 1
    m_FadeDuration: 0.1
  m_SpriteState:
    m_HighlightedSprite: {fileID: 0}
    m_PressedSprite: {fileID: 0}
    m_DisabledSprite: {fileID: 0}
  m_AnimationTriggers:
    m_NormalTrigger: Normal
    m_HighlightedTrigger: Highlighted
    m_PressedTrigger: Pressed
    m_DisabledTrigger: Disabled
  m_Interactable: 1
  m_TargetGraphic: {fileID: 1304258684}
  m_OnClick:
    m_PersistentCalls:
      m_Calls: []
    m_TypeName: UnityEngine.UI.Button+ButtonClickedEvent, UnityEngine.UI, Version=1.0.0.0,
      Culture=neutral, PublicKeyToken=null
--- !u!114 &1304258684
MonoBehaviour:
  m_ObjectHideFlags: 0
  m_PrefabParentObject: {fileID: 11445886, guid: d9e4d92b8ac02be4abbd660d49dc97dc,
    type: 2}
  m_PrefabInternal: {fileID: 651843323}
  m_GameObject: {fileID: 1304258681}
  m_Enabled: 1
  m_EditorHideFlags: 0
  m_Script: {fileID: -765806418, guid: f5f67c52d1564df4a8936ccd202a3bd8, type: 3}
  m_Name: 
  m_EditorClassIdentifier: 
  m_Material: {fileID: 0}
  m_Color: {r: 1, g: 1, b: 1, a: 1}
  m_RaycastTarget: 1
  m_OnCullStateChanged:
    m_PersistentCalls:
      m_Calls: []
    m_TypeName: UnityEngine.UI.MaskableGraphic+CullStateChangedEvent, UnityEngine.UI,
      Version=1.0.0.0, Culture=neutral, PublicKeyToken=null
  m_Sprite: {fileID: 21300000, guid: 037c7830ce0d1416f8365d122be99c8c, type: 3}
  m_Type: 0
  m_PreserveAspect: 0
  m_FillCenter: 1
  m_FillMethod: 4
  m_FillAmount: 1
  m_FillClockwise: 1
  m_FillOrigin: 0
--- !u!222 &1304258685
CanvasRenderer:
  m_ObjectHideFlags: 0
  m_PrefabParentObject: {fileID: 22245862, guid: d9e4d92b8ac02be4abbd660d49dc97dc,
    type: 2}
  m_PrefabInternal: {fileID: 651843323}
  m_GameObject: {fileID: 1304258681}
--- !u!1 &1326364375
GameObject:
  m_ObjectHideFlags: 0
  m_PrefabParentObject: {fileID: 145842, guid: d9e4d92b8ac02be4abbd660d49dc97dc, type: 2}
  m_PrefabInternal: {fileID: 651843323}
  serializedVersion: 5
  m_Component:
  - component: {fileID: 1326364376}
  - component: {fileID: 1326364378}
  - component: {fileID: 1326364377}
  m_Layer: 5
  m_Name: AppTitle
  m_TagString: Untagged
  m_Icon: {fileID: 0}
  m_NavMeshLayer: 0
  m_StaticEditorFlags: 0
  m_IsActive: 1
--- !u!224 &1326364376
RectTransform:
  m_ObjectHideFlags: 0
  m_PrefabParentObject: {fileID: 22445842, guid: d9e4d92b8ac02be4abbd660d49dc97dc,
    type: 2}
  m_PrefabInternal: {fileID: 651843323}
  m_GameObject: {fileID: 1326364375}
  m_LocalRotation: {x: 0, y: 0, z: 0, w: 1}
  m_LocalPosition: {x: 0, y: 0, z: 0}
  m_LocalScale: {x: 1, y: 1, z: 1}
  m_Children:
  - {fileID: 900228248}
  m_Father: {fileID: 1831621007}
  m_RootOrder: 1
  m_LocalEulerAnglesHint: {x: 0, y: 0, z: 0}
  m_AnchorMin: {x: 0.5, y: 0.5}
  m_AnchorMax: {x: 0.5, y: 0.5}
  m_AnchoredPosition: {x: 27.5, y: 665}
  m_SizeDelta: {x: 695, y: 109}
  m_Pivot: {x: 0.5, y: 0.5}
--- !u!114 &1326364377
MonoBehaviour:
  m_ObjectHideFlags: 0
  m_PrefabParentObject: {fileID: 11445852, guid: d9e4d92b8ac02be4abbd660d49dc97dc,
    type: 2}
  m_PrefabInternal: {fileID: 651843323}
  m_GameObject: {fileID: 1326364375}
  m_Enabled: 1
  m_EditorHideFlags: 0
  m_Script: {fileID: 708705254, guid: f5f67c52d1564df4a8936ccd202a3bd8, type: 3}
  m_Name: 
  m_EditorClassIdentifier: 
  m_Material: {fileID: 0}
  m_Color: {r: 0.85490197, g: 0.85490197, b: 0.85490197, a: 1}
  m_RaycastTarget: 1
  m_OnCullStateChanged:
    m_PersistentCalls:
      m_Calls: []
    m_TypeName: UnityEngine.UI.MaskableGraphic+CullStateChangedEvent, UnityEngine.UI,
      Version=1.0.0.0, Culture=neutral, PublicKeyToken=null
  m_FontData:
    m_Font: {fileID: 12800000, guid: 218956a5c2a6e42d6a60afccf80b002b, type: 3}
    m_FontSize: 90
    m_FontStyle: 0
    m_BestFit: 0
    m_MinSize: 10
    m_MaxSize: 90
    m_Alignment: 0
    m_AlignByGeometry: 0
    m_RichText: 1
    m_HorizontalOverflow: 0
    m_VerticalOverflow: 1
    m_LineSpacing: 1
  m_Text: MUSIC PLAYER
--- !u!222 &1326364378
CanvasRenderer:
  m_ObjectHideFlags: 0
  m_PrefabParentObject: {fileID: 22245836, guid: d9e4d92b8ac02be4abbd660d49dc97dc,
    type: 2}
  m_PrefabInternal: {fileID: 651843323}
  m_GameObject: {fileID: 1326364375}
--- !u!1 &1345597227
GameObject:
  m_ObjectHideFlags: 0
  m_PrefabParentObject: {fileID: 145826, guid: d9e4d92b8ac02be4abbd660d49dc97dc, type: 2}
  m_PrefabInternal: {fileID: 651843323}
  serializedVersion: 5
  m_Component:
  - component: {fileID: 1345597228}
  - component: {fileID: 1345597230}
  - component: {fileID: 1345597229}
  m_Layer: 5
  m_Name: Fill
  m_TagString: Untagged
  m_Icon: {fileID: 0}
  m_NavMeshLayer: 0
  m_StaticEditorFlags: 0
  m_IsActive: 1
--- !u!224 &1345597228
RectTransform:
  m_ObjectHideFlags: 0
  m_PrefabParentObject: {fileID: 22445826, guid: d9e4d92b8ac02be4abbd660d49dc97dc,
    type: 2}
  m_PrefabInternal: {fileID: 651843323}
  m_GameObject: {fileID: 1345597227}
  m_LocalRotation: {x: 0, y: 0, z: 0, w: 1}
  m_LocalPosition: {x: 0, y: 0, z: 0}
  m_LocalScale: {x: 1, y: 1, z: 1}
  m_Children: []
  m_Father: {fileID: 1273730170}
  m_RootOrder: 0
  m_LocalEulerAnglesHint: {x: 0, y: 0, z: 0}
  m_AnchorMin: {x: 0, y: 0}
  m_AnchorMax: {x: 0, y: 0}
  m_AnchoredPosition: {x: 2.5000014, y: 0}
  m_SizeDelta: {x: 5, y: -4}
  m_Pivot: {x: 0.5, y: 0.5}
--- !u!114 &1345597229
MonoBehaviour:
  m_ObjectHideFlags: 0
  m_PrefabParentObject: {fileID: 11445832, guid: d9e4d92b8ac02be4abbd660d49dc97dc,
    type: 2}
  m_PrefabInternal: {fileID: 651843323}
  m_GameObject: {fileID: 1345597227}
  m_Enabled: 1
  m_EditorHideFlags: 0
  m_Script: {fileID: -765806418, guid: f5f67c52d1564df4a8936ccd202a3bd8, type: 3}
  m_Name: 
  m_EditorClassIdentifier: 
  m_Material: {fileID: 0}
  m_Color: {r: 0.99215686, g: 0.4509804, b: 0.44313726, a: 1}
  m_RaycastTarget: 1
  m_OnCullStateChanged:
    m_PersistentCalls:
      m_Calls: []
    m_TypeName: UnityEngine.UI.MaskableGraphic+CullStateChangedEvent, UnityEngine.UI,
      Version=1.0.0.0, Culture=neutral, PublicKeyToken=null
  m_Sprite: {fileID: 21300000, guid: 7ed1238760b863f4aafde32ab3a6f28c, type: 3}
  m_Type: 1
  m_PreserveAspect: 0
  m_FillCenter: 1
  m_FillMethod: 4
  m_FillAmount: 1
  m_FillClockwise: 1
  m_FillOrigin: 0
--- !u!222 &1345597230
CanvasRenderer:
  m_ObjectHideFlags: 0
  m_PrefabParentObject: {fileID: 22245824, guid: d9e4d92b8ac02be4abbd660d49dc97dc,
    type: 2}
  m_PrefabInternal: {fileID: 651843323}
  m_GameObject: {fileID: 1345597227}
--- !u!1 &1383446950
GameObject:
  m_ObjectHideFlags: 0
  m_PrefabParentObject: {fileID: 145824, guid: d9e4d92b8ac02be4abbd660d49dc97dc, type: 2}
  m_PrefabInternal: {fileID: 651843323}
  serializedVersion: 5
  m_Component:
  - component: {fileID: 1383446951}
  - component: {fileID: 1383446953}
  - component: {fileID: 1383446952}
  m_Layer: 5
  m_Name: Text
  m_TagString: Untagged
  m_Icon: {fileID: 0}
  m_NavMeshLayer: 0
  m_StaticEditorFlags: 0
  m_IsActive: 1
--- !u!224 &1383446951
RectTransform:
  m_ObjectHideFlags: 0
  m_PrefabParentObject: {fileID: 22445824, guid: d9e4d92b8ac02be4abbd660d49dc97dc,
    type: 2}
  m_PrefabInternal: {fileID: 651843323}
  m_GameObject: {fileID: 1383446950}
  m_LocalRotation: {x: 0, y: 0, z: 0, w: 1}
  m_LocalPosition: {x: 0, y: 0, z: 0}
  m_LocalScale: {x: 1, y: 1, z: 1}
  m_Children: []
  m_Father: {fileID: 143584793}
  m_RootOrder: 4
  m_LocalEulerAnglesHint: {x: 0, y: 0, z: 0}
  m_AnchorMin: {x: 0.5, y: 0.5}
  m_AnchorMax: {x: 0.5, y: 0.5}
  m_AnchoredPosition: {x: 172.4, y: -39.5}
  m_SizeDelta: {x: 41, y: 27}
  m_Pivot: {x: 0.5, y: 0.5}
--- !u!114 &1383446952
MonoBehaviour:
  m_ObjectHideFlags: 0
  m_PrefabParentObject: {fileID: 11445830, guid: d9e4d92b8ac02be4abbd660d49dc97dc,
    type: 2}
  m_PrefabInternal: {fileID: 651843323}
  m_GameObject: {fileID: 1383446950}
  m_Enabled: 1
  m_EditorHideFlags: 0
  m_Script: {fileID: 708705254, guid: f5f67c52d1564df4a8936ccd202a3bd8, type: 3}
  m_Name: 
  m_EditorClassIdentifier: 
  m_Material: {fileID: 0}
  m_Color: {r: 1, g: 1, b: 1, a: 1}
  m_RaycastTarget: 1
  m_OnCullStateChanged:
    m_PersistentCalls:
      m_Calls: []
    m_TypeName: UnityEngine.UI.MaskableGraphic+CullStateChangedEvent, UnityEngine.UI,
      Version=1.0.0.0, Culture=neutral, PublicKeyToken=null
  m_FontData:
    m_Font: {fileID: 12800000, guid: bd1ea67ca2b5742d1a24fcbdc17c55e1, type: 3}
    m_FontSize: 15
    m_FontStyle: 0
    m_BestFit: 0
    m_MinSize: 10
    m_MaxSize: 40
    m_Alignment: 2
    m_AlignByGeometry: 0
    m_RichText: 1
    m_HorizontalOverflow: 0
    m_VerticalOverflow: 0
    m_LineSpacing: 1
  m_Text: -0:28
--- !u!222 &1383446953
CanvasRenderer:
  m_ObjectHideFlags: 0
  m_PrefabParentObject: {fileID: 22245822, guid: d9e4d92b8ac02be4abbd660d49dc97dc,
    type: 2}
  m_PrefabInternal: {fileID: 651843323}
  m_GameObject: {fileID: 1383446950}
--- !u!1 &1430530518
GameObject:
  m_ObjectHideFlags: 0
  m_PrefabParentObject: {fileID: 145846, guid: d9e4d92b8ac02be4abbd660d49dc97dc, type: 2}
  m_PrefabInternal: {fileID: 651843323}
  serializedVersion: 5
  m_Component:
  - component: {fileID: 1430530519}
  - component: {fileID: 1430530521}
  - component: {fileID: 1430530520}
  m_Layer: 5
  m_Name: Handle
  m_TagString: Untagged
  m_Icon: {fileID: 0}
  m_NavMeshLayer: 0
  m_StaticEditorFlags: 0
  m_IsActive: 1
--- !u!224 &1430530519
RectTransform:
  m_ObjectHideFlags: 0
  m_PrefabParentObject: {fileID: 22445846, guid: d9e4d92b8ac02be4abbd660d49dc97dc,
    type: 2}
  m_PrefabInternal: {fileID: 651843323}
  m_GameObject: {fileID: 1430530518}
  m_LocalRotation: {x: 0, y: 0, z: 0, w: 1}
  m_LocalPosition: {x: 0, y: 0, z: 0}
  m_LocalScale: {x: 0.8, y: 1.6, z: 1}
  m_Children: []
  m_Father: {fileID: 796072939}
  m_RootOrder: 0
  m_LocalEulerAnglesHint: {x: 0, y: 0, z: 0}
  m_AnchorMin: {x: 0, y: 0}
  m_AnchorMax: {x: 0, y: 0}
  m_AnchoredPosition: {x: 0, y: 0}
  m_SizeDelta: {x: 8, y: 0}
  m_Pivot: {x: 0.5, y: 0.5}
--- !u!114 &1430530520
MonoBehaviour:
  m_ObjectHideFlags: 0
  m_PrefabParentObject: {fileID: 11445858, guid: d9e4d92b8ac02be4abbd660d49dc97dc,
    type: 2}
  m_PrefabInternal: {fileID: 651843323}
  m_GameObject: {fileID: 1430530518}
  m_Enabled: 1
  m_EditorHideFlags: 0
  m_Script: {fileID: -765806418, guid: f5f67c52d1564df4a8936ccd202a3bd8, type: 3}
  m_Name: 
  m_EditorClassIdentifier: 
  m_Material: {fileID: 0}
  m_Color: {r: 1, g: 1, b: 1, a: 1}
  m_RaycastTarget: 1
  m_OnCullStateChanged:
    m_PersistentCalls:
      m_Calls: []
    m_TypeName: UnityEngine.UI.MaskableGraphic+CullStateChangedEvent, UnityEngine.UI,
      Version=1.0.0.0, Culture=neutral, PublicKeyToken=null
  m_Sprite: {fileID: 21300000, guid: 7ed1238760b863f4aafde32ab3a6f28c, type: 3}
  m_Type: 1
  m_PreserveAspect: 0
  m_FillCenter: 1
  m_FillMethod: 4
  m_FillAmount: 1
  m_FillClockwise: 1
  m_FillOrigin: 0
--- !u!222 &1430530521
CanvasRenderer:
  m_ObjectHideFlags: 0
  m_PrefabParentObject: {fileID: 22245840, guid: d9e4d92b8ac02be4abbd660d49dc97dc,
    type: 2}
  m_PrefabInternal: {fileID: 651843323}
  m_GameObject: {fileID: 1430530518}
--- !u!1 &1500371475
GameObject:
  m_ObjectHideFlags: 0
  m_PrefabParentObject: {fileID: 0}
  m_PrefabInternal: {fileID: 0}
  serializedVersion: 5
  m_Component:
  - component: {fileID: 1500371479}
  - component: {fileID: 1500371478}
  - component: {fileID: 1500371477}
  - component: {fileID: 1500371476}
  m_Layer: 0
  m_Name: EventSystem
  m_TagString: Untagged
  m_Icon: {fileID: 0}
  m_NavMeshLayer: 0
  m_StaticEditorFlags: 0
  m_IsActive: 1
--- !u!114 &1500371476
MonoBehaviour:
  m_ObjectHideFlags: 0
  m_PrefabParentObject: {fileID: 0}
  m_PrefabInternal: {fileID: 0}
  m_GameObject: {fileID: 1500371475}
  m_Enabled: 1
  m_EditorHideFlags: 0
  m_Script: {fileID: 1997211142, guid: f5f67c52d1564df4a8936ccd202a3bd8, type: 3}
  m_Name: 
  m_EditorClassIdentifier: 
  m_ForceModuleActive: 0
--- !u!114 &1500371477
MonoBehaviour:
  m_ObjectHideFlags: 0
  m_PrefabParentObject: {fileID: 0}
  m_PrefabInternal: {fileID: 0}
  m_GameObject: {fileID: 1500371475}
  m_Enabled: 1
  m_EditorHideFlags: 0
  m_Script: {fileID: 1077351063, guid: f5f67c52d1564df4a8936ccd202a3bd8, type: 3}
  m_Name: 
  m_EditorClassIdentifier: 
  m_HorizontalAxis: Horizontal
  m_VerticalAxis: Vertical
  m_SubmitButton: Submit
  m_CancelButton: Cancel
  m_InputActionsPerSecond: 10
  m_RepeatDelay: 0.5
  m_ForceModuleActive: 0
--- !u!114 &1500371478
MonoBehaviour:
  m_ObjectHideFlags: 0
  m_PrefabParentObject: {fileID: 0}
  m_PrefabInternal: {fileID: 0}
  m_GameObject: {fileID: 1500371475}
  m_Enabled: 1
  m_EditorHideFlags: 0
  m_Script: {fileID: -619905303, guid: f5f67c52d1564df4a8936ccd202a3bd8, type: 3}
  m_Name: 
  m_EditorClassIdentifier: 
  m_FirstSelected: {fileID: 0}
  m_sendNavigationEvents: 1
  m_DragThreshold: 5
--- !u!4 &1500371479
Transform:
  m_ObjectHideFlags: 0
  m_PrefabParentObject: {fileID: 0}
  m_PrefabInternal: {fileID: 0}
  m_GameObject: {fileID: 1500371475}
  m_LocalRotation: {x: 0, y: 0, z: 0, w: 1}
  m_LocalPosition: {x: 0, y: 0, z: 0}
  m_LocalScale: {x: 1, y: 1, z: 1}
  m_Children: []
  m_Father: {fileID: 0}
  m_RootOrder: 1
  m_LocalEulerAnglesHint: {x: 0, y: 0, z: 0}
--- !u!1 &1511305452
GameObject:
  m_ObjectHideFlags: 0
  m_PrefabParentObject: {fileID: 0}
  m_PrefabInternal: {fileID: 0}
  serializedVersion: 5
  m_Component:
  - component: {fileID: 1511305453}
  m_Layer: 0
  m_Name: __SET_YOUR_GAMESCREEN_TO_640x1336
  m_TagString: Untagged
  m_Icon: {fileID: 0}
  m_NavMeshLayer: 0
  m_StaticEditorFlags: 0
  m_IsActive: 1
--- !u!4 &1511305453
Transform:
  m_ObjectHideFlags: 0
  m_PrefabParentObject: {fileID: 0}
  m_PrefabInternal: {fileID: 0}
  m_GameObject: {fileID: 1511305452}
  m_LocalRotation: {x: 0, y: 0, z: 0, w: 1}
  m_LocalPosition: {x: 494.995, y: 627.74, z: 0}
  m_LocalScale: {x: 1, y: 1, z: 1}
  m_Children: []
  m_Father: {fileID: 0}
  m_RootOrder: 2
  m_LocalEulerAnglesHint: {x: 0, y: 0, z: 0}
--- !u!1 &1744339438
GameObject:
  m_ObjectHideFlags: 0
  m_PrefabParentObject: {fileID: 145866, guid: d9e4d92b8ac02be4abbd660d49dc97dc, type: 2}
  m_PrefabInternal: {fileID: 651843323}
  serializedVersion: 5
  m_Component:
  - component: {fileID: 1744339439}
  - component: {fileID: 1744339442}
  - component: {fileID: 1744339441}
  - component: {fileID: 1744339440}
  m_Layer: 5
  m_Name: Panel
  m_TagString: Untagged
  m_Icon: {fileID: 0}
  m_NavMeshLayer: 0
  m_StaticEditorFlags: 0
  m_IsActive: 1
--- !u!224 &1744339439
RectTransform:
  m_ObjectHideFlags: 0
  m_PrefabParentObject: {fileID: 22445866, guid: d9e4d92b8ac02be4abbd660d49dc97dc,
    type: 2}
  m_PrefabInternal: {fileID: 651843323}
  m_GameObject: {fileID: 1744339438}
  m_LocalRotation: {x: 0, y: 0, z: 0, w: 1}
  m_LocalPosition: {x: 0, y: 0, z: 0}
  m_LocalScale: {x: 1, y: 1, z: 1}
  m_Children:
  - {fileID: 728173364}
  - {fileID: 410794077}
  - {fileID: 2137780872}
  - {fileID: 1777640702}
  - {fileID: 1768638569}
  - {fileID: 110902676}
  - {fileID: 2032005767}
  - {fileID: 1852689991}
  - {fileID: 2041763158}
  - {fileID: 143584793}
  - {fileID: 1772256738}
  - {fileID: 256283991}
  m_Father: {fileID: 1831621007}
  m_RootOrder: 0
  m_LocalEulerAnglesHint: {x: 0, y: 0, z: 0}
  m_AnchorMin: {x: 0.5, y: 0.5}
  m_AnchorMax: {x: 0.5, y: 0.5}
  m_AnchoredPosition: {x: 0, y: 0}
  m_SizeDelta: {x: 640, y: 1136}
  m_Pivot: {x: 0.5, y: 0.5}
--- !u!114 &1744339440
MonoBehaviour:
  m_ObjectHideFlags: 0
  m_PrefabParentObject: {fileID: 11445880, guid: d9e4d92b8ac02be4abbd660d49dc97dc,
    type: 2}
  m_PrefabInternal: {fileID: 651843323}
  m_GameObject: {fileID: 1744339438}
  m_Enabled: 1
  m_EditorHideFlags: 0
  m_Script: {fileID: -1200242548, guid: f5f67c52d1564df4a8936ccd202a3bd8, type: 3}
  m_Name: 
  m_EditorClassIdentifier: 
  m_ShowMaskGraphic: 1
--- !u!114 &1744339441
MonoBehaviour:
  m_ObjectHideFlags: 0
  m_PrefabParentObject: {fileID: 11445882, guid: d9e4d92b8ac02be4abbd660d49dc97dc,
    type: 2}
  m_PrefabInternal: {fileID: 651843323}
  m_GameObject: {fileID: 1744339438}
  m_Enabled: 1
  m_EditorHideFlags: 0
  m_Script: {fileID: -765806418, guid: f5f67c52d1564df4a8936ccd202a3bd8, type: 3}
  m_Name: 
  m_EditorClassIdentifier: 
  m_Material: {fileID: 0}
  m_Color: {r: 0.12156863, g: 0.12156863, b: 0.12156863, a: 1}
  m_RaycastTarget: 1
  m_OnCullStateChanged:
    m_PersistentCalls:
      m_Calls: []
    m_TypeName: UnityEngine.UI.MaskableGraphic+CullStateChangedEvent, UnityEngine.UI,
      Version=1.0.0.0, Culture=neutral, PublicKeyToken=null
  m_Sprite: {fileID: 21300000, guid: 7ed1238760b863f4aafde32ab3a6f28c, type: 3}
  m_Type: 1
  m_PreserveAspect: 0
  m_FillCenter: 1
  m_FillMethod: 4
  m_FillAmount: 1
  m_FillClockwise: 1
  m_FillOrigin: 0
--- !u!222 &1744339442
CanvasRenderer:
  m_ObjectHideFlags: 0
  m_PrefabParentObject: {fileID: 22245860, guid: d9e4d92b8ac02be4abbd660d49dc97dc,
    type: 2}
  m_PrefabInternal: {fileID: 651843323}
  m_GameObject: {fileID: 1744339438}
--- !u!1 &1768638568
GameObject:
  m_ObjectHideFlags: 0
  m_PrefabParentObject: {fileID: 145852, guid: d9e4d92b8ac02be4abbd660d49dc97dc, type: 2}
  m_PrefabInternal: {fileID: 651843323}
  serializedVersion: 5
  m_Component:
  - component: {fileID: 1768638569}
  - component: {fileID: 1768638572}
  - component: {fileID: 1768638571}
  - component: {fileID: 1768638570}
  m_Layer: 5
  m_Name: Button
  m_TagString: Untagged
  m_Icon: {fileID: 0}
  m_NavMeshLayer: 0
  m_StaticEditorFlags: 0
  m_IsActive: 1
--- !u!224 &1768638569
RectTransform:
  m_ObjectHideFlags: 0
  m_PrefabParentObject: {fileID: 22445852, guid: d9e4d92b8ac02be4abbd660d49dc97dc,
    type: 2}
  m_PrefabInternal: {fileID: 651843323}
  m_GameObject: {fileID: 1768638568}
  m_LocalRotation: {x: 0, y: 0, z: 0, w: 1}
  m_LocalPosition: {x: 0, y: 0, z: 0}
  m_LocalScale: {x: 0.8, y: 0.8, z: 1}
  m_Children: []
  m_Father: {fileID: 1744339439}
  m_RootOrder: 4
  m_LocalEulerAnglesHint: {x: 0, y: 0, z: 0}
  m_AnchorMin: {x: 0.5, y: 0.5}
  m_AnchorMax: {x: 0.5, y: 0.5}
  m_AnchoredPosition: {x: -220, y: -507.2}
  m_SizeDelta: {x: 46, y: 37}
  m_Pivot: {x: 0.5, y: 0.5}
--- !u!114 &1768638570
MonoBehaviour:
  m_ObjectHideFlags: 0
  m_PrefabParentObject: {fileID: 11445864, guid: d9e4d92b8ac02be4abbd660d49dc97dc,
    type: 2}
  m_PrefabInternal: {fileID: 651843323}
  m_GameObject: {fileID: 1768638568}
  m_Enabled: 1
  m_EditorHideFlags: 0
  m_Script: {fileID: 1392445389, guid: f5f67c52d1564df4a8936ccd202a3bd8, type: 3}
  m_Name: 
  m_EditorClassIdentifier: 
  m_Navigation:
    m_Mode: 3
    m_SelectOnUp: {fileID: 0}
    m_SelectOnDown: {fileID: 0}
    m_SelectOnLeft: {fileID: 0}
    m_SelectOnRight: {fileID: 0}
  m_Transition: 1
  m_Colors:
    m_NormalColor: {r: 1, g: 1, b: 1, a: 1}
    m_HighlightedColor: {r: 0.9607843, g: 0.9607843, b: 0.9607843, a: 1}
    m_PressedColor: {r: 0.78431374, g: 0.78431374, b: 0.78431374, a: 1}
    m_DisabledColor: {r: 0.78431374, g: 0.78431374, b: 0.78431374, a: 0.5019608}
    m_ColorMultiplier: 1
    m_FadeDuration: 0.1
  m_SpriteState:
    m_HighlightedSprite: {fileID: 0}
    m_PressedSprite: {fileID: 0}
    m_DisabledSprite: {fileID: 0}
  m_AnimationTriggers:
    m_NormalTrigger: Normal
    m_HighlightedTrigger: Highlighted
    m_PressedTrigger: Pressed
    m_DisabledTrigger: Disabled
  m_Interactable: 1
  m_TargetGraphic: {fileID: 1768638571}
  m_OnClick:
    m_PersistentCalls:
      m_Calls: []
    m_TypeName: UnityEngine.UI.Button+ButtonClickedEvent, UnityEngine.UI, Version=1.0.0.0,
      Culture=neutral, PublicKeyToken=null
--- !u!114 &1768638571
MonoBehaviour:
  m_ObjectHideFlags: 0
  m_PrefabParentObject: {fileID: 11445866, guid: d9e4d92b8ac02be4abbd660d49dc97dc,
    type: 2}
  m_PrefabInternal: {fileID: 651843323}
  m_GameObject: {fileID: 1768638568}
  m_Enabled: 1
  m_EditorHideFlags: 0
  m_Script: {fileID: -765806418, guid: f5f67c52d1564df4a8936ccd202a3bd8, type: 3}
  m_Name: 
  m_EditorClassIdentifier: 
  m_Material: {fileID: 0}
  m_Color: {r: 1, g: 1, b: 1, a: 1}
  m_RaycastTarget: 1
  m_OnCullStateChanged:
    m_PersistentCalls:
      m_Calls: []
    m_TypeName: UnityEngine.UI.MaskableGraphic+CullStateChangedEvent, UnityEngine.UI,
      Version=1.0.0.0, Culture=neutral, PublicKeyToken=null
  m_Sprite: {fileID: 21300000, guid: d6c30ca94605b4d2e8c19bde9711c3ae, type: 3}
  m_Type: 0
  m_PreserveAspect: 0
  m_FillCenter: 1
  m_FillMethod: 4
  m_FillAmount: 1
  m_FillClockwise: 1
  m_FillOrigin: 0
--- !u!222 &1768638572
CanvasRenderer:
  m_ObjectHideFlags: 0
  m_PrefabParentObject: {fileID: 22245846, guid: d9e4d92b8ac02be4abbd660d49dc97dc,
    type: 2}
  m_PrefabInternal: {fileID: 651843323}
  m_GameObject: {fileID: 1768638568}
--- !u!1 &1772256737
GameObject:
  m_ObjectHideFlags: 0
  m_PrefabParentObject: {fileID: 145848, guid: d9e4d92b8ac02be4abbd660d49dc97dc, type: 2}
  m_PrefabInternal: {fileID: 651843323}
  serializedVersion: 5
  m_Component:
  - component: {fileID: 1772256738}
  - component: {fileID: 1772256740}
  - component: {fileID: 1772256739}
  m_Layer: 5
  m_Name: TopBar
  m_TagString: Untagged
  m_Icon: {fileID: 0}
  m_NavMeshLayer: 0
  m_StaticEditorFlags: 0
  m_IsActive: 1
--- !u!224 &1772256738
RectTransform:
  m_ObjectHideFlags: 0
  m_PrefabParentObject: {fileID: 22445848, guid: d9e4d92b8ac02be4abbd660d49dc97dc,
    type: 2}
  m_PrefabInternal: {fileID: 651843323}
  m_GameObject: {fileID: 1772256737}
  m_LocalRotation: {x: 0, y: 0, z: 0, w: 1}
  m_LocalPosition: {x: 0, y: 0, z: 0}
  m_LocalScale: {x: 1, y: 1, z: 1}
  m_Children:
  - {fileID: 2111537777}
  - {fileID: 1304258682}
  m_Father: {fileID: 1744339439}
  m_RootOrder: 10
  m_LocalEulerAnglesHint: {x: 0, y: 0, z: 0}
  m_AnchorMin: {x: 0.5, y: 0.5}
  m_AnchorMax: {x: 0.5, y: 0.5}
  m_AnchoredPosition: {x: 0, y: 500}
  m_SizeDelta: {x: 228.1, y: 67.1}
  m_Pivot: {x: 0.5, y: 0.5}
--- !u!114 &1772256739
MonoBehaviour:
  m_ObjectHideFlags: 0
  m_PrefabParentObject: {fileID: 11445860, guid: d9e4d92b8ac02be4abbd660d49dc97dc,
    type: 2}
  m_PrefabInternal: {fileID: 651843323}
  m_GameObject: {fileID: 1772256737}
  m_Enabled: 1
  m_EditorHideFlags: 0
  m_Script: {fileID: 708705254, guid: f5f67c52d1564df4a8936ccd202a3bd8, type: 3}
  m_Name: 
  m_EditorClassIdentifier: 
  m_Material: {fileID: 0}
  m_Color: {r: 1, g: 1, b: 1, a: 1}
  m_RaycastTarget: 1
  m_OnCullStateChanged:
    m_PersistentCalls:
      m_Calls: []
    m_TypeName: UnityEngine.UI.MaskableGraphic+CullStateChangedEvent, UnityEngine.UI,
      Version=1.0.0.0, Culture=neutral, PublicKeyToken=null
  m_FontData:
    m_Font: {fileID: 12800000, guid: bd1ea67ca2b5742d1a24fcbdc17c55e1, type: 3}
    m_FontSize: 30
    m_FontStyle: 0
    m_BestFit: 0
    m_MinSize: 10
    m_MaxSize: 40
    m_Alignment: 4
    m_AlignByGeometry: 0
    m_RichText: 1
    m_HorizontalOverflow: 0
    m_VerticalOverflow: 0
    m_LineSpacing: 1
  m_Text: Now Playing
--- !u!222 &1772256740
CanvasRenderer:
  m_ObjectHideFlags: 0
  m_PrefabParentObject: {fileID: 22245842, guid: d9e4d92b8ac02be4abbd660d49dc97dc,
    type: 2}
  m_PrefabInternal: {fileID: 651843323}
  m_GameObject: {fileID: 1772256737}
--- !u!1 &1777640701
GameObject:
  m_ObjectHideFlags: 0
  m_PrefabParentObject: {fileID: 145816, guid: d9e4d92b8ac02be4abbd660d49dc97dc, type: 2}
  m_PrefabInternal: {fileID: 651843323}
  serializedVersion: 5
  m_Component:
  - component: {fileID: 1777640702}
  - component: {fileID: 1777640705}
  - component: {fileID: 1777640704}
  - component: {fileID: 1777640703}
  m_Layer: 5
  m_Name: Button
  m_TagString: Untagged
  m_Icon: {fileID: 0}
  m_NavMeshLayer: 0
  m_StaticEditorFlags: 0
  m_IsActive: 1
--- !u!224 &1777640702
RectTransform:
  m_ObjectHideFlags: 0
  m_PrefabParentObject: {fileID: 22445816, guid: d9e4d92b8ac02be4abbd660d49dc97dc,
    type: 2}
  m_PrefabInternal: {fileID: 651843323}
  m_GameObject: {fileID: 1777640701}
  m_LocalRotation: {x: 0, y: 0, z: 0, w: 1}
  m_LocalPosition: {x: 0, y: 0, z: 0}
  m_LocalScale: {x: 0.8, y: 0.8, z: 1}
  m_Children: []
  m_Father: {fileID: 1744339439}
  m_RootOrder: 3
  m_LocalEulerAnglesHint: {x: 0, y: 0, z: 0}
  m_AnchorMin: {x: 0.5, y: 0.5}
  m_AnchorMax: {x: 0.5, y: 0.5}
  m_AnchoredPosition: {x: 0.000005722046, y: -507.2}
  m_SizeDelta: {x: 47, y: 46}
  m_Pivot: {x: 0.5, y: 0.5}
--- !u!114 &1777640703
MonoBehaviour:
  m_ObjectHideFlags: 0
  m_PrefabParentObject: {fileID: 11445814, guid: d9e4d92b8ac02be4abbd660d49dc97dc,
    type: 2}
  m_PrefabInternal: {fileID: 651843323}
  m_GameObject: {fileID: 1777640701}
  m_Enabled: 1
  m_EditorHideFlags: 0
  m_Script: {fileID: 1392445389, guid: f5f67c52d1564df4a8936ccd202a3bd8, type: 3}
  m_Name: 
  m_EditorClassIdentifier: 
  m_Navigation:
    m_Mode: 3
    m_SelectOnUp: {fileID: 0}
    m_SelectOnDown: {fileID: 0}
    m_SelectOnLeft: {fileID: 0}
    m_SelectOnRight: {fileID: 0}
  m_Transition: 1
  m_Colors:
    m_NormalColor: {r: 1, g: 1, b: 1, a: 1}
    m_HighlightedColor: {r: 0.9607843, g: 0.9607843, b: 0.9607843, a: 1}
    m_PressedColor: {r: 0.78431374, g: 0.78431374, b: 0.78431374, a: 1}
    m_DisabledColor: {r: 0.78431374, g: 0.78431374, b: 0.78431374, a: 0.5019608}
    m_ColorMultiplier: 1
    m_FadeDuration: 0.1
  m_SpriteState:
    m_HighlightedSprite: {fileID: 0}
    m_PressedSprite: {fileID: 0}
    m_DisabledSprite: {fileID: 0}
  m_AnimationTriggers:
    m_NormalTrigger: Normal
    m_HighlightedTrigger: Highlighted
    m_PressedTrigger: Pressed
    m_DisabledTrigger: Disabled
  m_Interactable: 1
  m_TargetGraphic: {fileID: 1777640704}
  m_OnClick:
    m_PersistentCalls:
      m_Calls: []
    m_TypeName: UnityEngine.UI.Button+ButtonClickedEvent, UnityEngine.UI, Version=1.0.0.0,
      Culture=neutral, PublicKeyToken=null
--- !u!114 &1777640704
MonoBehaviour:
  m_ObjectHideFlags: 0
  m_PrefabParentObject: {fileID: 11445816, guid: d9e4d92b8ac02be4abbd660d49dc97dc,
    type: 2}
  m_PrefabInternal: {fileID: 651843323}
  m_GameObject: {fileID: 1777640701}
  m_Enabled: 1
  m_EditorHideFlags: 0
  m_Script: {fileID: -765806418, guid: f5f67c52d1564df4a8936ccd202a3bd8, type: 3}
  m_Name: 
  m_EditorClassIdentifier: 
  m_Material: {fileID: 0}
  m_Color: {r: 1, g: 1, b: 1, a: 1}
  m_RaycastTarget: 1
  m_OnCullStateChanged:
    m_PersistentCalls:
      m_Calls: []
    m_TypeName: UnityEngine.UI.MaskableGraphic+CullStateChangedEvent, UnityEngine.UI,
      Version=1.0.0.0, Culture=neutral, PublicKeyToken=null
  m_Sprite: {fileID: 21300000, guid: a4995c9db5f2147b0ae3f2f0465c7e9c, type: 3}
  m_Type: 0
  m_PreserveAspect: 0
  m_FillCenter: 1
  m_FillMethod: 4
  m_FillAmount: 1
  m_FillClockwise: 1
  m_FillOrigin: 0
--- !u!222 &1777640705
CanvasRenderer:
  m_ObjectHideFlags: 0
  m_PrefabParentObject: {fileID: 22245814, guid: d9e4d92b8ac02be4abbd660d49dc97dc,
    type: 2}
  m_PrefabInternal: {fileID: 651843323}
  m_GameObject: {fileID: 1777640701}
--- !u!1 &1831621002
GameObject:
  m_ObjectHideFlags: 0
  m_PrefabParentObject: {fileID: 145820, guid: d9e4d92b8ac02be4abbd660d49dc97dc, type: 2}
  m_PrefabInternal: {fileID: 651843323}
  serializedVersion: 5
  m_Component:
  - component: {fileID: 1831621007}
  - component: {fileID: 1831621006}
  - component: {fileID: 1831621005}
  - component: {fileID: 1831621004}
  - component: {fileID: 1831621003}
  m_Layer: 5
  m_Name: MusicApp_2
  m_TagString: Untagged
  m_Icon: {fileID: 0}
  m_NavMeshLayer: 0
  m_StaticEditorFlags: 0
  m_IsActive: 1
--- !u!222 &1831621003
CanvasRenderer:
  m_ObjectHideFlags: 0
  m_PrefabParentObject: {fileID: 22245818, guid: d9e4d92b8ac02be4abbd660d49dc97dc,
    type: 2}
  m_PrefabInternal: {fileID: 651843323}
  m_GameObject: {fileID: 1831621002}
--- !u!114 &1831621004
MonoBehaviour:
  m_ObjectHideFlags: 0
  m_PrefabParentObject: {fileID: 11445822, guid: d9e4d92b8ac02be4abbd660d49dc97dc,
    type: 2}
  m_PrefabInternal: {fileID: 651843323}
  m_GameObject: {fileID: 1831621002}
  m_Enabled: 1
  m_EditorHideFlags: 0
  m_Script: {fileID: 1301386320, guid: f5f67c52d1564df4a8936ccd202a3bd8, type: 3}
  m_Name: 
  m_EditorClassIdentifier: 
  m_IgnoreReversedGraphics: 1
  m_BlockingObjects: 0
  m_BlockingMask:
    serializedVersion: 2
    m_Bits: 4294967295
--- !u!114 &1831621005
MonoBehaviour:
  m_ObjectHideFlags: 0
  m_PrefabParentObject: {fileID: 11445824, guid: d9e4d92b8ac02be4abbd660d49dc97dc,
    type: 2}
  m_PrefabInternal: {fileID: 651843323}
  m_GameObject: {fileID: 1831621002}
  m_Enabled: 1
  m_EditorHideFlags: 0
  m_Script: {fileID: 1980459831, guid: f5f67c52d1564df4a8936ccd202a3bd8, type: 3}
  m_Name: 
  m_EditorClassIdentifier: 
  m_UiScaleMode: 1
  m_ReferencePixelsPerUnit: 100
  m_ScaleFactor: 1
  m_ReferenceResolution: {x: 640, y: 1136}
  m_ScreenMatchMode: 0
  m_MatchWidthOrHeight: 1
  m_PhysicalUnit: 3
  m_FallbackScreenDPI: 96
  m_DefaultSpriteDPI: 96
  m_DynamicPixelsPerUnit: 1
--- !u!223 &1831621006
Canvas:
  m_ObjectHideFlags: 0
  m_PrefabParentObject: {fileID: 22345814, guid: d9e4d92b8ac02be4abbd660d49dc97dc,
    type: 2}
  m_PrefabInternal: {fileID: 651843323}
  m_GameObject: {fileID: 1831621002}
  m_Enabled: 1
  serializedVersion: 3
  m_RenderMode: 0
  m_Camera: {fileID: 0}
  m_PlaneDistance: 100
  m_PixelPerfect: 1
  m_ReceivesEvents: 1
  m_OverrideSorting: 0
  m_OverridePixelPerfect: 0
  m_SortingBucketNormalizedSize: 0
  m_AdditionalShaderChannelsFlag: 25
  m_SortingLayerID: 0
  m_SortingOrder: 0
  m_TargetDisplay: 0
--- !u!224 &1831621007
RectTransform:
  m_ObjectHideFlags: 0
  m_PrefabParentObject: {fileID: 22445820, guid: d9e4d92b8ac02be4abbd660d49dc97dc,
    type: 2}
  m_PrefabInternal: {fileID: 651843323}
  m_GameObject: {fileID: 1831621002}
  m_LocalRotation: {x: 0, y: 0, z: 0, w: 1}
  m_LocalPosition: {x: 0, y: 0, z: 0}
  m_LocalScale: {x: 0, y: 0, z: 0}
  m_Children:
  - {fileID: 1744339439}
  - {fileID: 1326364376}
  m_Father: {fileID: 0}
  m_RootOrder: 0
  m_LocalEulerAnglesHint: {x: 0, y: 0, z: 0}
  m_AnchorMin: {x: 0, y: 0}
  m_AnchorMax: {x: 0, y: 0}
  m_AnchoredPosition: {x: 0, y: 0}
  m_SizeDelta: {x: 0, y: 0}
  m_Pivot: {x: 0, y: 0}
--- !u!1 &1852689990
GameObject:
  m_ObjectHideFlags: 0
  m_PrefabParentObject: {fileID: 145862, guid: d9e4d92b8ac02be4abbd660d49dc97dc, type: 2}
  m_PrefabInternal: {fileID: 651843323}
  serializedVersion: 5
  m_Component:
  - component: {fileID: 1852689991}
  - component: {fileID: 1852689993}
  - component: {fileID: 1852689992}
  m_Layer: 5
  m_Name: Text
  m_TagString: Untagged
  m_Icon: {fileID: 0}
  m_NavMeshLayer: 0
  m_StaticEditorFlags: 0
  m_IsActive: 1
--- !u!224 &1852689991
RectTransform:
  m_ObjectHideFlags: 0
  m_PrefabParentObject: {fileID: 22445862, guid: d9e4d92b8ac02be4abbd660d49dc97dc,
    type: 2}
  m_PrefabInternal: {fileID: 651843323}
  m_GameObject: {fileID: 1852689990}
  m_LocalRotation: {x: 0, y: 0, z: 0, w: 1}
  m_LocalPosition: {x: 0, y: 0, z: 0}
  m_LocalScale: {x: 1, y: 1, z: 1}
  m_Children: []
  m_Father: {fileID: 1744339439}
  m_RootOrder: 7
  m_LocalEulerAnglesHint: {x: 0, y: 0, z: 0}
  m_AnchorMin: {x: 0.5, y: 0.5}
  m_AnchorMax: {x: 0.5, y: 0.5}
  m_AnchoredPosition: {x: 0, y: -59}
  m_SizeDelta: {x: 175, y: 60.15}
  m_Pivot: {x: 0.5, y: 0.5}
--- !u!114 &1852689992
MonoBehaviour:
  m_ObjectHideFlags: 0
  m_PrefabParentObject: {fileID: 11445876, guid: d9e4d92b8ac02be4abbd660d49dc97dc,
    type: 2}
  m_PrefabInternal: {fileID: 651843323}
  m_GameObject: {fileID: 1852689990}
  m_Enabled: 1
  m_EditorHideFlags: 0
  m_Script: {fileID: 708705254, guid: f5f67c52d1564df4a8936ccd202a3bd8, type: 3}
  m_Name: 
  m_EditorClassIdentifier: 
  m_Material: {fileID: 0}
  m_Color: {r: 1, g: 1, b: 1, a: 1}
  m_RaycastTarget: 1
  m_OnCullStateChanged:
    m_PersistentCalls:
      m_Calls: []
    m_TypeName: UnityEngine.UI.MaskableGraphic+CullStateChangedEvent, UnityEngine.UI,
      Version=1.0.0.0, Culture=neutral, PublicKeyToken=null
  m_FontData:
    m_Font: {fileID: 12800000, guid: bd1ea67ca2b5742d1a24fcbdc17c55e1, type: 3}
    m_FontSize: 20
    m_FontStyle: 0
    m_BestFit: 0
    m_MinSize: 10
    m_MaxSize: 40
    m_Alignment: 4
    m_AlignByGeometry: 0
    m_RichText: 1
    m_HorizontalOverflow: 0
    m_VerticalOverflow: 0
    m_LineSpacing: 1
  m_Text: Ginger Runner
--- !u!222 &1852689993
CanvasRenderer:
  m_ObjectHideFlags: 0
  m_PrefabParentObject: {fileID: 22245856, guid: d9e4d92b8ac02be4abbd660d49dc97dc,
    type: 2}
  m_PrefabInternal: {fileID: 651843323}
  m_GameObject: {fileID: 1852689990}
--- !u!1 &1957555505
GameObject:
  m_ObjectHideFlags: 0
  m_PrefabParentObject: {fileID: 145856, guid: d9e4d92b8ac02be4abbd660d49dc97dc, type: 2}
  m_PrefabInternal: {fileID: 651843323}
  serializedVersion: 5
  m_Component:
  - component: {fileID: 1957555506}
  - component: {fileID: 1957555508}
  - component: {fileID: 1957555507}
  m_Layer: 5
  m_Name: Text
  m_TagString: Untagged
  m_Icon: {fileID: 0}
  m_NavMeshLayer: 0
  m_StaticEditorFlags: 0
  m_IsActive: 1
--- !u!224 &1957555506
RectTransform:
  m_ObjectHideFlags: 0
  m_PrefabParentObject: {fileID: 22445856, guid: d9e4d92b8ac02be4abbd660d49dc97dc,
    type: 2}
  m_PrefabInternal: {fileID: 651843323}
  m_GameObject: {fileID: 1957555505}
  m_LocalRotation: {x: 0, y: 0, z: 0, w: 1}
  m_LocalPosition: {x: 0, y: 0, z: 0}
  m_LocalScale: {x: 1, y: 1, z: 1}
  m_Children: []
  m_Father: {fileID: 143584793}
  m_RootOrder: 3
  m_LocalEulerAnglesHint: {x: 0, y: 0, z: 0}
  m_AnchorMin: {x: 0.5, y: 0.5}
  m_AnchorMax: {x: 0.5, y: 0.5}
  m_AnchoredPosition: {x: -182.65, y: -39.5}
  m_SizeDelta: {x: 41, y: 27}
  m_Pivot: {x: 0.5, y: 0.5}
--- !u!114 &1957555507
MonoBehaviour:
  m_ObjectHideFlags: 0
  m_PrefabParentObject: {fileID: 11445870, guid: d9e4d92b8ac02be4abbd660d49dc97dc,
    type: 2}
  m_PrefabInternal: {fileID: 651843323}
  m_GameObject: {fileID: 1957555505}
  m_Enabled: 1
  m_EditorHideFlags: 0
  m_Script: {fileID: 708705254, guid: f5f67c52d1564df4a8936ccd202a3bd8, type: 3}
  m_Name: 
  m_EditorClassIdentifier: 
  m_Material: {fileID: 0}
  m_Color: {r: 1, g: 1, b: 1, a: 1}
  m_RaycastTarget: 1
  m_OnCullStateChanged:
    m_PersistentCalls:
      m_Calls: []
    m_TypeName: UnityEngine.UI.MaskableGraphic+CullStateChangedEvent, UnityEngine.UI,
      Version=1.0.0.0, Culture=neutral, PublicKeyToken=null
  m_FontData:
    m_Font: {fileID: 12800000, guid: bd1ea67ca2b5742d1a24fcbdc17c55e1, type: 3}
    m_FontSize: 15
    m_FontStyle: 0
    m_BestFit: 0
    m_MinSize: 10
    m_MaxSize: 40
    m_Alignment: 0
    m_AlignByGeometry: 0
    m_RichText: 1
    m_HorizontalOverflow: 0
    m_VerticalOverflow: 0
    m_LineSpacing: 1
  m_Text: 1:23
--- !u!222 &1957555508
CanvasRenderer:
  m_ObjectHideFlags: 0
  m_PrefabParentObject: {fileID: 22245850, guid: d9e4d92b8ac02be4abbd660d49dc97dc,
    type: 2}
  m_PrefabInternal: {fileID: 651843323}
  m_GameObject: {fileID: 1957555505}
--- !u!1 &2032005766
GameObject:
  m_ObjectHideFlags: 0
  m_PrefabParentObject: {fileID: 145858, guid: d9e4d92b8ac02be4abbd660d49dc97dc, type: 2}
  m_PrefabInternal: {fileID: 651843323}
  serializedVersion: 5
  m_Component:
  - component: {fileID: 2032005767}
  - component: {fileID: 2032005769}
  - component: {fileID: 2032005768}
  m_Layer: 5
  m_Name: Text
  m_TagString: Untagged
  m_Icon: {fileID: 0}
  m_NavMeshLayer: 0
  m_StaticEditorFlags: 0
  m_IsActive: 1
--- !u!224 &2032005767
RectTransform:
  m_ObjectHideFlags: 0
  m_PrefabParentObject: {fileID: 22445858, guid: d9e4d92b8ac02be4abbd660d49dc97dc,
    type: 2}
  m_PrefabInternal: {fileID: 651843323}
  m_GameObject: {fileID: 2032005766}
  m_LocalRotation: {x: 0, y: 0, z: 0, w: 1}
  m_LocalPosition: {x: 0, y: 0, z: 0}
  m_LocalScale: {x: 1, y: 1, z: 1}
  m_Children: []
  m_Father: {fileID: 1744339439}
  m_RootOrder: 6
  m_LocalEulerAnglesHint: {x: 0, y: 0, z: 0}
  m_AnchorMin: {x: 0.5, y: 0.5}
  m_AnchorMax: {x: 0.5, y: 0.5}
  m_AnchoredPosition: {x: 0, y: 5}
  m_SizeDelta: {x: 228.1, y: 67.1}
  m_Pivot: {x: 0.5, y: 0.5}
--- !u!114 &2032005768
MonoBehaviour:
  m_ObjectHideFlags: 0
  m_PrefabParentObject: {fileID: 11445872, guid: d9e4d92b8ac02be4abbd660d49dc97dc,
    type: 2}
  m_PrefabInternal: {fileID: 651843323}
  m_GameObject: {fileID: 2032005766}
  m_Enabled: 1
  m_EditorHideFlags: 0
  m_Script: {fileID: 708705254, guid: f5f67c52d1564df4a8936ccd202a3bd8, type: 3}
  m_Name: 
  m_EditorClassIdentifier: 
  m_Material: {fileID: 0}
  m_Color: {r: 1, g: 1, b: 1, a: 1}
  m_RaycastTarget: 1
  m_OnCullStateChanged:
    m_PersistentCalls:
      m_Calls: []
    m_TypeName: UnityEngine.UI.MaskableGraphic+CullStateChangedEvent, UnityEngine.UI,
      Version=1.0.0.0, Culture=neutral, PublicKeyToken=null
  m_FontData:
    m_Font: {fileID: 12800000, guid: bd1ea67ca2b5742d1a24fcbdc17c55e1, type: 3}
    m_FontSize: 40
    m_FontStyle: 0
    m_BestFit: 0
    m_MinSize: 10
    m_MaxSize: 40
    m_Alignment: 4
    m_AlignByGeometry: 0
    m_RichText: 1
    m_HorizontalOverflow: 0
    m_VerticalOverflow: 0
    m_LineSpacing: 1
  m_Text: The Divide
--- !u!222 &2032005769
CanvasRenderer:
  m_ObjectHideFlags: 0
  m_PrefabParentObject: {fileID: 22245852, guid: d9e4d92b8ac02be4abbd660d49dc97dc,
    type: 2}
  m_PrefabInternal: {fileID: 651843323}
  m_GameObject: {fileID: 2032005766}
--- !u!1 &2041763157
GameObject:
  m_ObjectHideFlags: 0
  m_PrefabParentObject: {fileID: 145828, guid: d9e4d92b8ac02be4abbd660d49dc97dc, type: 2}
  m_PrefabInternal: {fileID: 651843323}
  serializedVersion: 5
  m_Component:
  - component: {fileID: 2041763158}
  - component: {fileID: 2041763160}
  - component: {fileID: 2041763159}
  m_Layer: 5
  m_Name: Text
  m_TagString: Untagged
  m_Icon: {fileID: 0}
  m_NavMeshLayer: 0
  m_StaticEditorFlags: 0
  m_IsActive: 1
--- !u!224 &2041763158
RectTransform:
  m_ObjectHideFlags: 0
  m_PrefabParentObject: {fileID: 22445828, guid: d9e4d92b8ac02be4abbd660d49dc97dc,
    type: 2}
  m_PrefabInternal: {fileID: 651843323}
  m_GameObject: {fileID: 2041763157}
  m_LocalRotation: {x: 0, y: 0, z: 0, w: 1}
  m_LocalPosition: {x: 0, y: 0, z: 0}
  m_LocalScale: {x: 1, y: 1, z: 1}
  m_Children: []
  m_Father: {fileID: 1744339439}
  m_RootOrder: 8
  m_LocalEulerAnglesHint: {x: 0, y: 0, z: 0}
  m_AnchorMin: {x: 0.5, y: 0.5}
  m_AnchorMax: {x: 0.5, y: 0.5}
  m_AnchoredPosition: {x: 0, y: -116}
  m_SizeDelta: {x: 201.5, y: 55.5}
  m_Pivot: {x: 0.5, y: 0.5}
--- !u!114 &2041763159
MonoBehaviour:
  m_ObjectHideFlags: 0
  m_PrefabParentObject: {fileID: 11445834, guid: d9e4d92b8ac02be4abbd660d49dc97dc,
    type: 2}
  m_PrefabInternal: {fileID: 651843323}
  m_GameObject: {fileID: 2041763157}
  m_Enabled: 1
  m_EditorHideFlags: 0
  m_Script: {fileID: 708705254, guid: f5f67c52d1564df4a8936ccd202a3bd8, type: 3}
  m_Name: 
  m_EditorClassIdentifier: 
  m_Material: {fileID: 0}
  m_Color: {r: 1, g: 1, b: 1, a: 0.5176471}
  m_RaycastTarget: 1
  m_OnCullStateChanged:
    m_PersistentCalls:
      m_Calls: []
    m_TypeName: UnityEngine.UI.MaskableGraphic+CullStateChangedEvent, UnityEngine.UI,
      Version=1.0.0.0, Culture=neutral, PublicKeyToken=null
  m_FontData:
    m_Font: {fileID: 12800000, guid: bd1ea67ca2b5742d1a24fcbdc17c55e1, type: 3}
    m_FontSize: 20
    m_FontStyle: 0
    m_BestFit: 0
    m_MinSize: 10
    m_MaxSize: 40
    m_Alignment: 4
    m_AlignByGeometry: 0
    m_RichText: 1
    m_HorizontalOverflow: 0
    m_VerticalOverflow: 0
    m_LineSpacing: 1
  m_Text: "\rGrinds"
--- !u!222 &2041763160
CanvasRenderer:
  m_ObjectHideFlags: 0
  m_PrefabParentObject: {fileID: 22245826, guid: d9e4d92b8ac02be4abbd660d49dc97dc,
    type: 2}
  m_PrefabInternal: {fileID: 651843323}
  m_GameObject: {fileID: 2041763157}
--- !u!1 &2111537776
GameObject:
  m_ObjectHideFlags: 0
  m_PrefabParentObject: {fileID: 145840, guid: d9e4d92b8ac02be4abbd660d49dc97dc, type: 2}
  m_PrefabInternal: {fileID: 651843323}
  serializedVersion: 5
  m_Component:
  - component: {fileID: 2111537777}
  - component: {fileID: 2111537780}
  - component: {fileID: 2111537779}
  - component: {fileID: 2111537778}
  m_Layer: 5
  m_Name: Button
  m_TagString: Untagged
  m_Icon: {fileID: 0}
  m_NavMeshLayer: 0
  m_StaticEditorFlags: 0
  m_IsActive: 1
--- !u!224 &2111537777
RectTransform:
  m_ObjectHideFlags: 0
  m_PrefabParentObject: {fileID: 22445840, guid: d9e4d92b8ac02be4abbd660d49dc97dc,
    type: 2}
  m_PrefabInternal: {fileID: 651843323}
  m_GameObject: {fileID: 2111537776}
  m_LocalRotation: {x: 0, y: 0, z: 0, w: 1}
  m_LocalPosition: {x: 0, y: 0, z: 0}
  m_LocalScale: {x: 1, y: 1, z: 1}
  m_Children: []
  m_Father: {fileID: 1772256738}
  m_RootOrder: 0
  m_LocalEulerAnglesHint: {x: 0, y: 0, z: 0}
  m_AnchorMin: {x: 0.5, y: 0.5}
  m_AnchorMax: {x: 0.5, y: 0.5}
  m_AnchoredPosition: {x: -233, y: 0}
  m_SizeDelta: {x: 44, y: 21}
  m_Pivot: {x: 0.5, y: 0.5}
--- !u!114 &2111537778
MonoBehaviour:
  m_ObjectHideFlags: 0
  m_PrefabParentObject: {fileID: 11445848, guid: d9e4d92b8ac02be4abbd660d49dc97dc,
    type: 2}
  m_PrefabInternal: {fileID: 651843323}
  m_GameObject: {fileID: 2111537776}
  m_Enabled: 1
  m_EditorHideFlags: 0
  m_Script: {fileID: 1392445389, guid: f5f67c52d1564df4a8936ccd202a3bd8, type: 3}
  m_Name: 
  m_EditorClassIdentifier: 
  m_Navigation:
    m_Mode: 3
    m_SelectOnUp: {fileID: 0}
    m_SelectOnDown: {fileID: 0}
    m_SelectOnLeft: {fileID: 0}
    m_SelectOnRight: {fileID: 0}
  m_Transition: 1
  m_Colors:
    m_NormalColor: {r: 1, g: 1, b: 1, a: 1}
    m_HighlightedColor: {r: 0.9607843, g: 0.9607843, b: 0.9607843, a: 1}
    m_PressedColor: {r: 0.78431374, g: 0.78431374, b: 0.78431374, a: 1}
    m_DisabledColor: {r: 0.78431374, g: 0.78431374, b: 0.78431374, a: 0.5019608}
    m_ColorMultiplier: 1
    m_FadeDuration: 0.1
  m_SpriteState:
    m_HighlightedSprite: {fileID: 0}
    m_PressedSprite: {fileID: 0}
    m_DisabledSprite: {fileID: 0}
  m_AnimationTriggers:
    m_NormalTrigger: Normal
    m_HighlightedTrigger: Highlighted
    m_PressedTrigger: Pressed
    m_DisabledTrigger: Disabled
  m_Interactable: 1
  m_TargetGraphic: {fileID: 2111537779}
  m_OnClick:
    m_PersistentCalls:
      m_Calls: []
    m_TypeName: UnityEngine.UI.Button+ButtonClickedEvent, UnityEngine.UI, Version=1.0.0.0,
      Culture=neutral, PublicKeyToken=null
--- !u!114 &2111537779
MonoBehaviour:
  m_ObjectHideFlags: 0
  m_PrefabParentObject: {fileID: 11445850, guid: d9e4d92b8ac02be4abbd660d49dc97dc,
    type: 2}
  m_PrefabInternal: {fileID: 651843323}
  m_GameObject: {fileID: 2111537776}
  m_Enabled: 1
  m_EditorHideFlags: 0
  m_Script: {fileID: -765806418, guid: f5f67c52d1564df4a8936ccd202a3bd8, type: 3}
  m_Name: 
  m_EditorClassIdentifier: 
  m_Material: {fileID: 0}
  m_Color: {r: 1, g: 1, b: 1, a: 1}
  m_RaycastTarget: 1
  m_OnCullStateChanged:
    m_PersistentCalls:
      m_Calls: []
    m_TypeName: UnityEngine.UI.MaskableGraphic+CullStateChangedEvent, UnityEngine.UI,
      Version=1.0.0.0, Culture=neutral, PublicKeyToken=null
  m_Sprite: {fileID: 21300000, guid: 6f0585d78f4714954a785e193852cc74, type: 3}
  m_Type: 0
  m_PreserveAspect: 0
  m_FillCenter: 1
  m_FillMethod: 4
  m_FillAmount: 1
  m_FillClockwise: 1
  m_FillOrigin: 0
--- !u!222 &2111537780
CanvasRenderer:
  m_ObjectHideFlags: 0
  m_PrefabParentObject: {fileID: 22245834, guid: d9e4d92b8ac02be4abbd660d49dc97dc,
    type: 2}
  m_PrefabInternal: {fileID: 651843323}
  m_GameObject: {fileID: 2111537776}
--- !u!1 &2137780871
GameObject:
  m_ObjectHideFlags: 0
  m_PrefabParentObject: {fileID: 145836, guid: d9e4d92b8ac02be4abbd660d49dc97dc, type: 2}
  m_PrefabInternal: {fileID: 651843323}
  serializedVersion: 5
  m_Component:
  - component: {fileID: 2137780872}
  - component: {fileID: 2137780875}
  - component: {fileID: 2137780874}
  - component: {fileID: 2137780873}
  m_Layer: 5
  m_Name: Button
  m_TagString: Untagged
  m_Icon: {fileID: 0}
  m_NavMeshLayer: 0
  m_StaticEditorFlags: 0
  m_IsActive: 1
--- !u!224 &2137780872
RectTransform:
  m_ObjectHideFlags: 0
  m_PrefabParentObject: {fileID: 22445836, guid: d9e4d92b8ac02be4abbd660d49dc97dc,
    type: 2}
  m_PrefabInternal: {fileID: 651843323}
  m_GameObject: {fileID: 2137780871}
  m_LocalRotation: {x: 0, y: 0, z: 1, w: -0.00000004371139}
  m_LocalPosition: {x: 0, y: 0, z: 0}
  m_LocalScale: {x: 1, y: 1, z: 1}
  m_Children: []
  m_Father: {fileID: 1744339439}
  m_RootOrder: 2
  m_LocalEulerAnglesHint: {x: 0, y: 0, z: 0}
  m_AnchorMin: {x: 0.5, y: 0.5}
  m_AnchorMax: {x: 0.5, y: 0.5}
  m_AnchoredPosition: {x: -115, y: -240.3}
  m_SizeDelta: {x: 49, y: 30}
  m_Pivot: {x: 0.5, y: 0.5}
--- !u!114 &2137780873
MonoBehaviour:
  m_ObjectHideFlags: 0
  m_PrefabParentObject: {fileID: 11445844, guid: d9e4d92b8ac02be4abbd660d49dc97dc,
    type: 2}
  m_PrefabInternal: {fileID: 651843323}
  m_GameObject: {fileID: 2137780871}
  m_Enabled: 1
  m_EditorHideFlags: 0
  m_Script: {fileID: 1392445389, guid: f5f67c52d1564df4a8936ccd202a3bd8, type: 3}
  m_Name: 
  m_EditorClassIdentifier: 
  m_Navigation:
    m_Mode: 3
    m_SelectOnUp: {fileID: 0}
    m_SelectOnDown: {fileID: 0}
    m_SelectOnLeft: {fileID: 0}
    m_SelectOnRight: {fileID: 0}
  m_Transition: 1
  m_Colors:
    m_NormalColor: {r: 1, g: 1, b: 1, a: 1}
    m_HighlightedColor: {r: 0.9607843, g: 0.9607843, b: 0.9607843, a: 1}
    m_PressedColor: {r: 0.78431374, g: 0.78431374, b: 0.78431374, a: 1}
    m_DisabledColor: {r: 0.78431374, g: 0.78431374, b: 0.78431374, a: 0.5019608}
    m_ColorMultiplier: 1
    m_FadeDuration: 0.1
  m_SpriteState:
    m_HighlightedSprite: {fileID: 0}
    m_PressedSprite: {fileID: 0}
    m_DisabledSprite: {fileID: 0}
  m_AnimationTriggers:
    m_NormalTrigger: Normal
    m_HighlightedTrigger: Highlighted
    m_PressedTrigger: Pressed
    m_DisabledTrigger: Disabled
  m_Interactable: 1
  m_TargetGraphic: {fileID: 2137780874}
  m_OnClick:
    m_PersistentCalls:
      m_Calls: []
    m_TypeName: UnityEngine.UI.Button+ButtonClickedEvent, UnityEngine.UI, Version=1.0.0.0,
      Culture=neutral, PublicKeyToken=null
--- !u!114 &2137780874
MonoBehaviour:
  m_ObjectHideFlags: 0
  m_PrefabParentObject: {fileID: 11445846, guid: d9e4d92b8ac02be4abbd660d49dc97dc,
    type: 2}
  m_PrefabInternal: {fileID: 651843323}
  m_GameObject: {fileID: 2137780871}
  m_Enabled: 1
  m_EditorHideFlags: 0
  m_Script: {fileID: -765806418, guid: f5f67c52d1564df4a8936ccd202a3bd8, type: 3}
  m_Name: 
  m_EditorClassIdentifier: 
  m_Material: {fileID: 0}
  m_Color: {r: 1, g: 1, b: 1, a: 1}
  m_RaycastTarget: 1
  m_OnCullStateChanged:
    m_PersistentCalls:
      m_Calls: []
    m_TypeName: UnityEngine.UI.MaskableGraphic+CullStateChangedEvent, UnityEngine.UI,
      Version=1.0.0.0, Culture=neutral, PublicKeyToken=null
  m_Sprite: {fileID: 21300000, guid: 8d3e2c3d8e35f45a799d6dfec6e953a2, type: 3}
  m_Type: 0
  m_PreserveAspect: 0
  m_FillCenter: 1
  m_FillMethod: 4
  m_FillAmount: 1
  m_FillClockwise: 1
  m_FillOrigin: 0
--- !u!222 &2137780875
CanvasRenderer:
  m_ObjectHideFlags: 0
  m_PrefabParentObject: {fileID: 22245832, guid: d9e4d92b8ac02be4abbd660d49dc97dc,
    type: 2}
  m_PrefabInternal: {fileID: 651843323}
  m_GameObject: {fileID: 2137780871}
