%YAML 1.1
%TAG !u! tag:unity3d.com,2011:
--- !u!29 &1
OcclusionCullingSettings:
  m_ObjectHideFlags: 0
  serializedVersion: 2
  m_OcclusionBakeSettings:
    smallestOccluder: 5
    smallestHole: 0.25
    backfaceThreshold: 100
  m_SceneGUID: 00000000000000000000000000000000
  m_OcclusionCullingData: {fileID: 0}
--- !u!104 &2
RenderSettings:
  m_ObjectHideFlags: 0
  serializedVersion: 8
  m_Fog: 0
  m_FogColor: {r: 0.5, g: 0.5, b: 0.5, a: 1}
  m_FogMode: 3
  m_FogDensity: 0.01
  m_LinearFogStart: 0
  m_LinearFogEnd: 300
  m_AmbientSkyColor: {r: 0.212, g: 0.227, b: 0.259, a: 1}
  m_AmbientEquatorColor: {r: 0.114, g: 0.125, b: 0.133, a: 1}
  m_AmbientGroundColor: {r: 0.047, g: 0.043, b: 0.035, a: 1}
  m_AmbientIntensity: 1
  m_AmbientMode: 0
  m_SubtractiveShadowColor: {r: 0.42, g: 0.478, b: 0.627, a: 1}
  m_SkyboxMaterial: {fileID: 10304, guid: 0000000000000000f000000000000000, type: 0}
  m_HaloStrength: 0.5
  m_FlareStrength: 1
  m_FlareFadeSpeed: 3
  m_HaloTexture: {fileID: 0}
  m_SpotCookie: {fileID: 10001, guid: 0000000000000000e000000000000000, type: 0}
  m_DefaultReflectionMode: 0
  m_DefaultReflectionResolution: 128
  m_ReflectionBounces: 1
  m_ReflectionIntensity: 1
  m_CustomReflection: {fileID: 0}
  m_Sun: {fileID: 0}
  m_IndirectSpecularColor: {r: 0, g: 0, b: 0, a: 1}
--- !u!157 &4
LightmapSettings:
  m_ObjectHideFlags: 0
  serializedVersion: 11
  m_GIWorkflowMode: 0
  m_GISettings:
    serializedVersion: 2
    m_BounceScale: 1
    m_IndirectOutputScale: 1
    m_AlbedoBoost: 1
    m_TemporalCoherenceThreshold: 1
    m_EnvironmentLightingMode: 0
    m_EnableBakedLightmaps: 1
    m_EnableRealtimeLightmaps: 1
  m_LightmapEditorSettings:
    serializedVersion: 9
    m_Resolution: 2
    m_BakeResolution: 40
    m_TextureWidth: 1024
    m_TextureHeight: 1024
    m_AO: 0
    m_AOMaxDistance: 1
    m_CompAOExponent: 0
    m_CompAOExponentDirect: 0
    m_Padding: 2
    m_LightmapParameters: {fileID: 0}
    m_LightmapsBakeMode: 1
    m_TextureCompression: 1
    m_FinalGather: 0
    m_FinalGatherFiltering: 1
    m_FinalGatherRayCount: 1024
    m_ReflectionCompression: 2
    m_MixedBakeMode: 1
    m_BakeBackend: 0
    m_PVRSampling: 1
    m_PVRDirectSampleCount: 32
    m_PVRSampleCount: 500
    m_PVRBounces: 2
    m_PVRFilterTypeDirect: 0
    m_PVRFilterTypeIndirect: 0
    m_PVRFilterTypeAO: 0
    m_PVRFilteringMode: 0
    m_PVRCulling: 1
    m_PVRFilteringGaussRadiusDirect: 1
    m_PVRFilteringGaussRadiusIndirect: 5
    m_PVRFilteringGaussRadiusAO: 2
    m_PVRFilteringAtrousPositionSigmaDirect: 0.5
    m_PVRFilteringAtrousPositionSigmaIndirect: 2
    m_PVRFilteringAtrousPositionSigmaAO: 1
    m_ShowResolutionOverlay: 1
  m_LightingDataAsset: {fileID: 0}
  m_UseShadowmask: 0
--- !u!196 &5
NavMeshSettings:
  serializedVersion: 2
  m_ObjectHideFlags: 0
  m_BuildSettings:
    serializedVersion: 2
    agentTypeID: 0
    agentRadius: 0.5
    agentHeight: 2
    agentSlope: 45
    agentClimb: 0.4
    ledgeDropHeight: 0
    maxJumpAcrossDistance: 0
    minRegionArea: 2
    manualCellSize: 0
    cellSize: 0.16666667
    manualTileSize: 0
    tileSize: 256
    accuratePlacement: 0
    debug:
      m_Flags: 0
  m_NavMeshData: {fileID: 0}
--- !u!1 &7564031
GameObject:
  m_ObjectHideFlags: 0
  m_PrefabParentObject: {fileID: 126898, guid: bad1d536a0dd55c4c9e2b52df8733211, type: 2}
  m_PrefabInternal: {fileID: 2045021853}
  serializedVersion: 5
  m_Component:
  - component: {fileID: 7564032}
  - component: {fileID: 7564035}
  - component: {fileID: 7564034}
  - component: {fileID: 7564033}
  m_Layer: 5
  m_Name: Panel
  m_TagString: Untagged
  m_Icon: {fileID: 0}
  m_NavMeshLayer: 0
  m_StaticEditorFlags: 0
  m_IsActive: 1
--- !u!224 &7564032
RectTransform:
  m_ObjectHideFlags: 0
  m_PrefabParentObject: {fileID: 22426898, guid: bad1d536a0dd55c4c9e2b52df8733211,
    type: 2}
  m_PrefabInternal: {fileID: 2045021853}
  m_GameObject: {fileID: 7564031}
  m_LocalRotation: {x: 0, y: 0, z: 0, w: 1}
  m_LocalPosition: {x: 0, y: 0, z: 0}
  m_LocalScale: {x: 1, y: 1, z: 1}
  m_Children:
  - {fileID: 1872733229}
  - {fileID: 892433646}
  - {fileID: 1754161571}
  - {fileID: 995832069}
  - {fileID: 919995378}
  m_Father: {fileID: 272217415}
  m_RootOrder: 1
  m_LocalEulerAnglesHint: {x: 0, y: 0, z: 0}
  m_AnchorMin: {x: 0.5, y: 0.5}
  m_AnchorMax: {x: 0.5, y: 0.5}
  m_AnchoredPosition: {x: 0, y: 0}
  m_SizeDelta: {x: 640, y: 1136}
  m_Pivot: {x: 0.5, y: 0.5}
--- !u!114 &7564033
MonoBehaviour:
  m_ObjectHideFlags: 0
  m_PrefabParentObject: {fileID: 11426888, guid: bad1d536a0dd55c4c9e2b52df8733211,
    type: 2}
  m_PrefabInternal: {fileID: 2045021853}
  m_GameObject: {fileID: 7564031}
  m_Enabled: 1
  m_EditorHideFlags: 0
  m_Script: {fileID: -1200242548, guid: f5f67c52d1564df4a8936ccd202a3bd8, type: 3}
  m_Name: 
  m_EditorClassIdentifier: 
  m_ShowMaskGraphic: 1
--- !u!114 &7564034
MonoBehaviour:
  m_ObjectHideFlags: 0
  m_PrefabParentObject: {fileID: 11426886, guid: bad1d536a0dd55c4c9e2b52df8733211,
    type: 2}
  m_PrefabInternal: {fileID: 2045021853}
  m_GameObject: {fileID: 7564031}
  m_Enabled: 1
  m_EditorHideFlags: 0
  m_Script: {fileID: -765806418, guid: f5f67c52d1564df4a8936ccd202a3bd8, type: 3}
  m_Name: 
  m_EditorClassIdentifier: 
  m_Material: {fileID: 0}
  m_Color: {r: 0.13333334, g: 0.13725491, b: 0.14509805, a: 1}
  m_RaycastTarget: 1
  m_OnCullStateChanged:
    m_PersistentCalls:
      m_Calls: []
    m_TypeName: UnityEngine.UI.MaskableGraphic+CullStateChangedEvent, UnityEngine.UI,
      Version=1.0.0.0, Culture=neutral, PublicKeyToken=null
  m_Sprite: {fileID: 21300000, guid: 7ed1238760b863f4aafde32ab3a6f28c, type: 3}
  m_Type: 1
  m_PreserveAspect: 0
  m_FillCenter: 1
  m_FillMethod: 4
  m_FillAmount: 1
  m_FillClockwise: 1
  m_FillOrigin: 0
--- !u!222 &7564035
CanvasRenderer:
  m_ObjectHideFlags: 0
  m_PrefabParentObject: {fileID: 22226898, guid: bad1d536a0dd55c4c9e2b52df8733211,
    type: 2}
  m_PrefabInternal: {fileID: 2045021853}
  m_GameObject: {fileID: 7564031}
--- !u!1 &115680468
GameObject:
  m_ObjectHideFlags: 0
  m_PrefabParentObject: {fileID: 126874, guid: bad1d536a0dd55c4c9e2b52df8733211, type: 2}
  m_PrefabInternal: {fileID: 2045021853}
  serializedVersion: 5
  m_Component:
  - component: {fileID: 115680469}
  - component: {fileID: 115680471}
  - component: {fileID: 115680470}
  m_Layer: 5
  m_Name: Line
  m_TagString: Untagged
  m_Icon: {fileID: 0}
  m_NavMeshLayer: 0
  m_StaticEditorFlags: 0
  m_IsActive: 1
--- !u!224 &115680469
RectTransform:
  m_ObjectHideFlags: 0
  m_PrefabParentObject: {fileID: 22426874, guid: bad1d536a0dd55c4c9e2b52df8733211,
    type: 2}
  m_PrefabInternal: {fileID: 2045021853}
  m_GameObject: {fileID: 115680468}
  m_LocalRotation: {x: 0, y: 0, z: 0, w: 1}
  m_LocalPosition: {x: 0, y: 0, z: 0}
  m_LocalScale: {x: 1, y: 1, z: 1}
  m_Children: []
  m_Father: {fileID: 1872733229}
  m_RootOrder: 1
  m_LocalEulerAnglesHint: {x: 0, y: 0, z: 0}
  m_AnchorMin: {x: 0.5, y: 0.5}
  m_AnchorMax: {x: 0.5, y: 0.5}
  m_AnchoredPosition: {x: -93.9, y: -105.8999}
  m_SizeDelta: {x: 1, y: 597}
  m_Pivot: {x: 0.5, y: 0.5}
--- !u!114 &115680470
MonoBehaviour:
  m_ObjectHideFlags: 0
  m_PrefabParentObject: {fileID: 11426848, guid: bad1d536a0dd55c4c9e2b52df8733211,
    type: 2}
  m_PrefabInternal: {fileID: 2045021853}
  m_GameObject: {fileID: 115680468}
  m_Enabled: 1
  m_EditorHideFlags: 0
  m_Script: {fileID: -765806418, guid: f5f67c52d1564df4a8936ccd202a3bd8, type: 3}
  m_Name: 
  m_EditorClassIdentifier: 
  m_Material: {fileID: 0}
  m_Color: {r: 1, g: 1, b: 1, a: 0.26666668}
  m_RaycastTarget: 1
  m_OnCullStateChanged:
    m_PersistentCalls:
      m_Calls: []
    m_TypeName: UnityEngine.UI.MaskableGraphic+CullStateChangedEvent, UnityEngine.UI,
      Version=1.0.0.0, Culture=neutral, PublicKeyToken=null
  m_Sprite: {fileID: 21300000, guid: 7ed1238760b863f4aafde32ab3a6f28c, type: 3}
  m_Type: 1
  m_PreserveAspect: 0
  m_FillCenter: 1
  m_FillMethod: 4
  m_FillAmount: 1
  m_FillClockwise: 1
  m_FillOrigin: 0
--- !u!222 &115680471
CanvasRenderer:
  m_ObjectHideFlags: 0
  m_PrefabParentObject: {fileID: 22226874, guid: bad1d536a0dd55c4c9e2b52df8733211,
    type: 2}
  m_PrefabInternal: {fileID: 2045021853}
  m_GameObject: {fileID: 115680468}
--- !u!1 &171946736
GameObject:
  m_ObjectHideFlags: 0
  m_PrefabParentObject: {fileID: 126876, guid: bad1d536a0dd55c4c9e2b52df8733211, type: 2}
  m_PrefabInternal: {fileID: 2045021853}
  serializedVersion: 5
  m_Component:
  - component: {fileID: 171946737}
  - component: {fileID: 171946740}
  - component: {fileID: 171946739}
  - component: {fileID: 171946738}
  m_Layer: 5
  m_Name: Button
  m_TagString: Untagged
  m_Icon: {fileID: 0}
  m_NavMeshLayer: 0
  m_StaticEditorFlags: 0
  m_IsActive: 1
--- !u!224 &171946737
RectTransform:
  m_ObjectHideFlags: 0
  m_PrefabParentObject: {fileID: 22426876, guid: bad1d536a0dd55c4c9e2b52df8733211,
    type: 2}
  m_PrefabInternal: {fileID: 2045021853}
  m_GameObject: {fileID: 171946736}
  m_LocalRotation: {x: 0, y: 0, z: 0, w: 1}
  m_LocalPosition: {x: 0, y: 0, z: 0}
  m_LocalScale: {x: 1, y: 1, z: 1}
  m_Children: []
  m_Father: {fileID: 1754161571}
  m_RootOrder: 0
  m_LocalEulerAnglesHint: {x: 0, y: 0, z: 0}
  m_AnchorMin: {x: 0.5, y: 0.5}
  m_AnchorMax: {x: 0.5, y: 0.5}
  m_AnchoredPosition: {x: -120, y: 0}
  m_SizeDelta: {x: 36, y: 36.007}
  m_Pivot: {x: 0.5, y: 0.5}
--- !u!114 &171946738
MonoBehaviour:
  m_ObjectHideFlags: 0
  m_PrefabParentObject: {fileID: 11426852, guid: bad1d536a0dd55c4c9e2b52df8733211,
    type: 2}
  m_PrefabInternal: {fileID: 2045021853}
  m_GameObject: {fileID: 171946736}
  m_Enabled: 1
  m_EditorHideFlags: 0
  m_Script: {fileID: 1392445389, guid: f5f67c52d1564df4a8936ccd202a3bd8, type: 3}
  m_Name: 
  m_EditorClassIdentifier: 
  m_Navigation:
    m_Mode: 3
    m_SelectOnUp: {fileID: 0}
    m_SelectOnDown: {fileID: 0}
    m_SelectOnLeft: {fileID: 0}
    m_SelectOnRight: {fileID: 0}
  m_Transition: 1
  m_Colors:
    m_NormalColor: {r: 1, g: 1, b: 1, a: 1}
    m_HighlightedColor: {r: 0.9607843, g: 0.9607843, b: 0.9607843, a: 1}
    m_PressedColor: {r: 0.78431374, g: 0.78431374, b: 0.78431374, a: 1}
    m_DisabledColor: {r: 0.78431374, g: 0.78431374, b: 0.78431374, a: 0.5019608}
    m_ColorMultiplier: 1
    m_FadeDuration: 0.1
  m_SpriteState:
    m_HighlightedSprite: {fileID: 0}
    m_PressedSprite: {fileID: 0}
    m_DisabledSprite: {fileID: 0}
  m_AnimationTriggers:
    m_NormalTrigger: Normal
    m_HighlightedTrigger: Highlighted
    m_PressedTrigger: Pressed
    m_DisabledTrigger: Disabled
  m_Interactable: 1
  m_TargetGraphic: {fileID: 171946739}
  m_OnClick:
    m_PersistentCalls:
      m_Calls: []
    m_TypeName: UnityEngine.UI.Button+ButtonClickedEvent, UnityEngine.UI, Version=1.0.0.0,
      Culture=neutral, PublicKeyToken=null
--- !u!114 &171946739
MonoBehaviour:
  m_ObjectHideFlags: 0
  m_PrefabParentObject: {fileID: 11426850, guid: bad1d536a0dd55c4c9e2b52df8733211,
    type: 2}
  m_PrefabInternal: {fileID: 2045021853}
  m_GameObject: {fileID: 171946736}
  m_Enabled: 1
  m_EditorHideFlags: 0
  m_Script: {fileID: -765806418, guid: f5f67c52d1564df4a8936ccd202a3bd8, type: 3}
  m_Name: 
  m_EditorClassIdentifier: 
  m_Material: {fileID: 0}
  m_Color: {r: 0.14705884, g: 0.6117648, b: 1, a: 1}
  m_RaycastTarget: 1
  m_OnCullStateChanged:
    m_PersistentCalls:
      m_Calls: []
    m_TypeName: UnityEngine.UI.MaskableGraphic+CullStateChangedEvent, UnityEngine.UI,
      Version=1.0.0.0, Culture=neutral, PublicKeyToken=null
  m_Sprite: {fileID: 21300000, guid: 048f2aeaa99de46f19396a5574dfe330, type: 3}
  m_Type: 0
  m_PreserveAspect: 0
  m_FillCenter: 1
  m_FillMethod: 4
  m_FillAmount: 1
  m_FillClockwise: 1
  m_FillOrigin: 0
--- !u!222 &171946740
CanvasRenderer:
  m_ObjectHideFlags: 0
  m_PrefabParentObject: {fileID: 22226876, guid: bad1d536a0dd55c4c9e2b52df8733211,
    type: 2}
  m_PrefabInternal: {fileID: 2045021853}
  m_GameObject: {fileID: 171946736}
--- !u!1 &272217410
GameObject:
  m_ObjectHideFlags: 0
  m_PrefabParentObject: {fileID: 126884, guid: bad1d536a0dd55c4c9e2b52df8733211, type: 2}
  m_PrefabInternal: {fileID: 2045021853}
  serializedVersion: 5
  m_Component:
  - component: {fileID: 272217415}
  - component: {fileID: 272217414}
  - component: {fileID: 272217413}
  - component: {fileID: 272217412}
  - component: {fileID: 272217411}
  m_Layer: 5
  m_Name: CameraApp_4
  m_TagString: Untagged
  m_Icon: {fileID: 0}
  m_NavMeshLayer: 0
  m_StaticEditorFlags: 0
  m_IsActive: 1
--- !u!222 &272217411
CanvasRenderer:
  m_ObjectHideFlags: 0
  m_PrefabParentObject: {fileID: 22226884, guid: bad1d536a0dd55c4c9e2b52df8733211,
    type: 2}
  m_PrefabInternal: {fileID: 2045021853}
  m_GameObject: {fileID: 272217410}
--- !u!114 &272217412
MonoBehaviour:
  m_ObjectHideFlags: 0
  m_PrefabParentObject: {fileID: 11426866, guid: bad1d536a0dd55c4c9e2b52df8733211,
    type: 2}
  m_PrefabInternal: {fileID: 2045021853}
  m_GameObject: {fileID: 272217410}
  m_Enabled: 1
  m_EditorHideFlags: 0
  m_Script: {fileID: 1301386320, guid: f5f67c52d1564df4a8936ccd202a3bd8, type: 3}
  m_Name: 
  m_EditorClassIdentifier: 
  m_IgnoreReversedGraphics: 1
  m_BlockingObjects: 0
  m_BlockingMask:
    serializedVersion: 2
    m_Bits: 4294967295
--- !u!114 &272217413
MonoBehaviour:
  m_ObjectHideFlags: 0
  m_PrefabParentObject: {fileID: 11426864, guid: bad1d536a0dd55c4c9e2b52df8733211,
    type: 2}
  m_PrefabInternal: {fileID: 2045021853}
  m_GameObject: {fileID: 272217410}
  m_Enabled: 1
  m_EditorHideFlags: 0
  m_Script: {fileID: 1980459831, guid: f5f67c52d1564df4a8936ccd202a3bd8, type: 3}
  m_Name: 
  m_EditorClassIdentifier: 
  m_UiScaleMode: 1
  m_ReferencePixelsPerUnit: 100
  m_ScaleFactor: 1
  m_ReferenceResolution: {x: 640, y: 1136}
  m_ScreenMatchMode: 0
  m_MatchWidthOrHeight: 1
  m_PhysicalUnit: 3
  m_FallbackScreenDPI: 96
  m_DefaultSpriteDPI: 96
  m_DynamicPixelsPerUnit: 1
--- !u!223 &272217414
Canvas:
  m_ObjectHideFlags: 0
  m_PrefabParentObject: {fileID: 22326918, guid: bad1d536a0dd55c4c9e2b52df8733211,
    type: 2}
  m_PrefabInternal: {fileID: 2045021853}
  m_GameObject: {fileID: 272217410}
  m_Enabled: 1
  serializedVersion: 3
  m_RenderMode: 0
  m_Camera: {fileID: 0}
  m_PlaneDistance: 100
  m_PixelPerfect: 1
  m_ReceivesEvents: 1
  m_OverrideSorting: 0
  m_OverridePixelPerfect: 0
  m_SortingBucketNormalizedSize: 0
  m_AdditionalShaderChannelsFlag: 25
  m_SortingLayerID: 0
  m_SortingOrder: 0
  m_TargetDisplay: 0
--- !u!224 &272217415
RectTransform:
  m_ObjectHideFlags: 0
  m_PrefabParentObject: {fileID: 22426884, guid: bad1d536a0dd55c4c9e2b52df8733211,
    type: 2}
  m_PrefabInternal: {fileID: 2045021853}
  m_GameObject: {fileID: 272217410}
  m_LocalRotation: {x: 0, y: 0, z: 0, w: 1}
  m_LocalPosition: {x: 0, y: 0, z: 0}
  m_LocalScale: {x: 0, y: 0, z: 0}
  m_Children:
  - {fileID: 2062611662}
  - {fileID: 7564032}
  m_Father: {fileID: 0}
  m_RootOrder: 0
  m_LocalEulerAnglesHint: {x: 0, y: 0, z: 0}
  m_AnchorMin: {x: 0, y: 0}
  m_AnchorMax: {x: 0, y: 0}
  m_AnchoredPosition: {x: 0, y: 0}
  m_SizeDelta: {x: 0, y: 0}
  m_Pivot: {x: 0, y: 0}
--- !u!1 &342626199
GameObject:
  m_ObjectHideFlags: 0
  m_PrefabParentObject: {fileID: 126914, guid: bad1d536a0dd55c4c9e2b52df8733211, type: 2}
  m_PrefabInternal: {fileID: 2045021853}
  serializedVersion: 5
  m_Component:
  - component: {fileID: 342626200}
  - component: {fileID: 342626204}
  - component: {fileID: 342626203}
  - component: {fileID: 342626202}
  - component: {fileID: 342626201}
  m_Layer: 5
  m_Name: ButtonCamera
  m_TagString: Untagged
  m_Icon: {fileID: 0}
  m_NavMeshLayer: 0
  m_StaticEditorFlags: 0
  m_IsActive: 1
--- !u!224 &342626200
RectTransform:
  m_ObjectHideFlags: 0
  m_PrefabParentObject: {fileID: 22426914, guid: bad1d536a0dd55c4c9e2b52df8733211,
    type: 2}
  m_PrefabInternal: {fileID: 2045021853}
  m_GameObject: {fileID: 342626199}
  m_LocalRotation: {x: 0, y: 0, z: 0, w: 1}
  m_LocalPosition: {x: 0, y: 0, z: 0}
  m_LocalScale: {x: 1, y: 1, z: 1}
  m_Children:
  - {fileID: 1070646006}
  m_Father: {fileID: 892433646}
  m_RootOrder: 2
  m_LocalEulerAnglesHint: {x: 0, y: 0, z: 0}
  m_AnchorMin: {x: 0.5, y: 0.5}
  m_AnchorMax: {x: 0.5, y: 0.5}
  m_AnchoredPosition: {x: -213, y: 0}
  m_SizeDelta: {x: 95, y: 95}
  m_Pivot: {x: 0.5, y: 0.5}
--- !u!114 &342626201
MonoBehaviour:
  m_ObjectHideFlags: 0
  m_PrefabParentObject: {fileID: 11426918, guid: bad1d536a0dd55c4c9e2b52df8733211,
    type: 2}
  m_PrefabInternal: {fileID: 2045021853}
  m_GameObject: {fileID: 342626199}
  m_Enabled: 1
  m_EditorHideFlags: 0
  m_Script: {fileID: 1392445389, guid: f5f67c52d1564df4a8936ccd202a3bd8, type: 3}
  m_Name: 
  m_EditorClassIdentifier: 
  m_Navigation:
    m_Mode: 3
    m_SelectOnUp: {fileID: 0}
    m_SelectOnDown: {fileID: 0}
    m_SelectOnLeft: {fileID: 0}
    m_SelectOnRight: {fileID: 0}
  m_Transition: 1
  m_Colors:
    m_NormalColor: {r: 1, g: 1, b: 1, a: 1}
    m_HighlightedColor: {r: 0.9607843, g: 0.9607843, b: 0.9607843, a: 1}
    m_PressedColor: {r: 0.78431374, g: 0.78431374, b: 0.78431374, a: 1}
    m_DisabledColor: {r: 0.78431374, g: 0.78431374, b: 0.78431374, a: 0.5019608}
    m_ColorMultiplier: 1
    m_FadeDuration: 0.1
  m_SpriteState:
    m_HighlightedSprite: {fileID: 0}
    m_PressedSprite: {fileID: 0}
    m_DisabledSprite: {fileID: 0}
  m_AnimationTriggers:
    m_NormalTrigger: Normal
    m_HighlightedTrigger: Highlighted
    m_PressedTrigger: Pressed
    m_DisabledTrigger: Disabled
  m_Interactable: 1
  m_TargetGraphic: {fileID: 342626203}
  m_OnClick:
    m_PersistentCalls:
      m_Calls: []
    m_TypeName: UnityEngine.UI.Button+ButtonClickedEvent, UnityEngine.UI, Version=1.0.0.0,
      Culture=neutral, PublicKeyToken=null
--- !u!114 &342626202
MonoBehaviour:
  m_ObjectHideFlags: 0
  m_PrefabParentObject: {fileID: 11426912, guid: bad1d536a0dd55c4c9e2b52df8733211,
    type: 2}
  m_PrefabInternal: {fileID: 2045021853}
  m_GameObject: {fileID: 342626199}
  m_Enabled: 1
  m_EditorHideFlags: 0
  m_Script: {fileID: -1200242548, guid: f5f67c52d1564df4a8936ccd202a3bd8, type: 3}
  m_Name: 
  m_EditorClassIdentifier: 
  m_ShowMaskGraphic: 1
--- !u!114 &342626203
MonoBehaviour:
  m_ObjectHideFlags: 0
  m_PrefabParentObject: {fileID: 11426910, guid: bad1d536a0dd55c4c9e2b52df8733211,
    type: 2}
  m_PrefabInternal: {fileID: 2045021853}
  m_GameObject: {fileID: 342626199}
  m_Enabled: 1
  m_EditorHideFlags: 0
  m_Script: {fileID: -765806418, guid: f5f67c52d1564df4a8936ccd202a3bd8, type: 3}
  m_Name: 
  m_EditorClassIdentifier: 
  m_Material: {fileID: 0}
  m_Color: {r: 1, g: 1, b: 1, a: 1}
  m_RaycastTarget: 1
  m_OnCullStateChanged:
    m_PersistentCalls:
      m_Calls: []
    m_TypeName: UnityEngine.UI.MaskableGraphic+CullStateChangedEvent, UnityEngine.UI,
      Version=1.0.0.0, Culture=neutral, PublicKeyToken=null
  m_Sprite: {fileID: 21300000, guid: 7ed1238760b863f4aafde32ab3a6f28c, type: 3}
  m_Type: 1
  m_PreserveAspect: 0
  m_FillCenter: 1
  m_FillMethod: 4
  m_FillAmount: 1
  m_FillClockwise: 1
  m_FillOrigin: 0
--- !u!222 &342626204
CanvasRenderer:
  m_ObjectHideFlags: 0
  m_PrefabParentObject: {fileID: 22226914, guid: bad1d536a0dd55c4c9e2b52df8733211,
    type: 2}
  m_PrefabInternal: {fileID: 2045021853}
  m_GameObject: {fileID: 342626199}
--- !u!1 &777711959
GameObject:
  m_ObjectHideFlags: 0
  m_PrefabParentObject: {fileID: 126878, guid: bad1d536a0dd55c4c9e2b52df8733211, type: 2}
  m_PrefabInternal: {fileID: 2045021853}
  serializedVersion: 5
  m_Component:
  - component: {fileID: 777711960}
  - component: {fileID: 777711963}
  - component: {fileID: 777711962}
  - component: {fileID: 777711961}
  m_Layer: 5
  m_Name: Button
  m_TagString: Untagged
  m_Icon: {fileID: 0}
  m_NavMeshLayer: 0
  m_StaticEditorFlags: 0
  m_IsActive: 1
--- !u!224 &777711960
RectTransform:
  m_ObjectHideFlags: 0
  m_PrefabParentObject: {fileID: 22426878, guid: bad1d536a0dd55c4c9e2b52df8733211,
    type: 2}
  m_PrefabInternal: {fileID: 2045021853}
  m_GameObject: {fileID: 777711959}
  m_LocalRotation: {x: 0, y: 0, z: 0, w: 1}
  m_LocalPosition: {x: 0, y: 0, z: 0}
  m_LocalScale: {x: 1, y: 1, z: 1}
  m_Children: []
  m_Father: {fileID: 919995378}
  m_RootOrder: 0
  m_LocalEulerAnglesHint: {x: 0, y: 0, z: 0}
  m_AnchorMin: {x: 0.5, y: 0.5}
  m_AnchorMax: {x: 0.5, y: 0.5}
  m_AnchoredPosition: {x: 0, y: 0}
  m_SizeDelta: {x: 81, y: 81}
  m_Pivot: {x: 0.5, y: 0.5}
--- !u!114 &777711961
MonoBehaviour:
  m_ObjectHideFlags: 0
  m_PrefabParentObject: {fileID: 11426856, guid: bad1d536a0dd55c4c9e2b52df8733211,
    type: 2}
  m_PrefabInternal: {fileID: 2045021853}
  m_GameObject: {fileID: 777711959}
  m_Enabled: 1
  m_EditorHideFlags: 0
  m_Script: {fileID: 1392445389, guid: f5f67c52d1564df4a8936ccd202a3bd8, type: 3}
  m_Name: 
  m_EditorClassIdentifier: 
  m_Navigation:
    m_Mode: 3
    m_SelectOnUp: {fileID: 0}
    m_SelectOnDown: {fileID: 0}
    m_SelectOnLeft: {fileID: 0}
    m_SelectOnRight: {fileID: 0}
  m_Transition: 1
  m_Colors:
    m_NormalColor: {r: 1, g: 1, b: 1, a: 1}
    m_HighlightedColor: {r: 0.9607843, g: 0.9607843, b: 0.9607843, a: 1}
    m_PressedColor: {r: 0.78431374, g: 0.78431374, b: 0.78431374, a: 1}
    m_DisabledColor: {r: 0.78431374, g: 0.78431374, b: 0.78431374, a: 0.5019608}
    m_ColorMultiplier: 1
    m_FadeDuration: 0.1
  m_SpriteState:
    m_HighlightedSprite: {fileID: 0}
    m_PressedSprite: {fileID: 0}
    m_DisabledSprite: {fileID: 0}
  m_AnimationTriggers:
    m_NormalTrigger: Normal
    m_HighlightedTrigger: Highlighted
    m_PressedTrigger: Pressed
    m_DisabledTrigger: Disabled
  m_Interactable: 1
  m_TargetGraphic: {fileID: 777711962}
  m_OnClick:
    m_PersistentCalls:
      m_Calls: []
    m_TypeName: UnityEngine.UI.Button+ButtonClickedEvent, UnityEngine.UI, Version=1.0.0.0,
      Culture=neutral, PublicKeyToken=null
--- !u!114 &777711962
MonoBehaviour:
  m_ObjectHideFlags: 0
  m_PrefabParentObject: {fileID: 11426854, guid: bad1d536a0dd55c4c9e2b52df8733211,
    type: 2}
  m_PrefabInternal: {fileID: 2045021853}
  m_GameObject: {fileID: 777711959}
  m_Enabled: 1
  m_EditorHideFlags: 0
  m_Script: {fileID: -765806418, guid: f5f67c52d1564df4a8936ccd202a3bd8, type: 3}
  m_Name: 
  m_EditorClassIdentifier: 
  m_Material: {fileID: 0}
  m_Color: {r: 0.9632353, g: 0.9632353, b: 0.9632353, a: 1}
  m_RaycastTarget: 1
  m_OnCullStateChanged:
    m_PersistentCalls:
      m_Calls: []
    m_TypeName: UnityEngine.UI.MaskableGraphic+CullStateChangedEvent, UnityEngine.UI,
      Version=1.0.0.0, Culture=neutral, PublicKeyToken=null
  m_Sprite: {fileID: 21300000, guid: c6157dc9c292b704b93e50622ca4095f, type: 3}
  m_Type: 0
  m_PreserveAspect: 0
  m_FillCenter: 1
  m_FillMethod: 4
  m_FillAmount: 1
  m_FillClockwise: 1
  m_FillOrigin: 0
--- !u!222 &777711963
CanvasRenderer:
  m_ObjectHideFlags: 0
  m_PrefabParentObject: {fileID: 22226878, guid: bad1d536a0dd55c4c9e2b52df8733211,
    type: 2}
  m_PrefabInternal: {fileID: 2045021853}
  m_GameObject: {fileID: 777711959}
--- !u!1 &798965153
GameObject:
  m_ObjectHideFlags: 0
  m_PrefabParentObject: {fileID: 126912, guid: bad1d536a0dd55c4c9e2b52df8733211, type: 2}
  m_PrefabInternal: {fileID: 2045021853}
  serializedVersion: 5
  m_Component:
  - component: {fileID: 798965154}
  - component: {fileID: 798965156}
  - component: {fileID: 798965155}
  m_Layer: 5
  m_Name: AppTitle
  m_TagString: Untagged
  m_Icon: {fileID: 0}
  m_NavMeshLayer: 0
  m_StaticEditorFlags: 0
  m_IsActive: 1
--- !u!224 &798965154
RectTransform:
  m_ObjectHideFlags: 0
  m_PrefabParentObject: {fileID: 22426912, guid: bad1d536a0dd55c4c9e2b52df8733211,
    type: 2}
  m_PrefabInternal: {fileID: 2045021853}
  m_GameObject: {fileID: 798965153}
  m_LocalRotation: {x: 0, y: 0, z: 0, w: 1}
  m_LocalPosition: {x: 0, y: 0, z: 0}
  m_LocalScale: {x: 1, y: 1, z: 1}
  m_Children: []
  m_Father: {fileID: 2062611662}
  m_RootOrder: 0
  m_LocalEulerAnglesHint: {x: 0, y: 0, z: 0}
  m_AnchorMin: {x: 0.5, y: 0.5}
  m_AnchorMax: {x: 0.5, y: 0.5}
  m_AnchoredPosition: {x: 0, y: -86}
  m_SizeDelta: {x: 695, y: 67}
  m_Pivot: {x: 0.5, y: 0.5}
--- !u!114 &798965155
MonoBehaviour:
  m_ObjectHideFlags: 0
  m_PrefabParentObject: {fileID: 11426908, guid: bad1d536a0dd55c4c9e2b52df8733211,
    type: 2}
  m_PrefabInternal: {fileID: 2045021853}
  m_GameObject: {fileID: 798965153}
  m_Enabled: 1
  m_EditorHideFlags: 0
  m_Script: {fileID: 708705254, guid: f5f67c52d1564df4a8936ccd202a3bd8, type: 3}
  m_Name: 
  m_EditorClassIdentifier: 
  m_Material: {fileID: 0}
  m_Color: {r: 0.85490197, g: 0.85490197, b: 0.85490197, a: 1}
  m_RaycastTarget: 1
  m_OnCullStateChanged:
    m_PersistentCalls:
      m_Calls: []
    m_TypeName: UnityEngine.UI.MaskableGraphic+CullStateChangedEvent, UnityEngine.UI,
      Version=1.0.0.0, Culture=neutral, PublicKeyToken=null
  m_FontData:
    m_Font: {fileID: 12800000, guid: 218956a5c2a6e42d6a60afccf80b002b, type: 3}
    m_FontSize: 40
    m_FontStyle: 0
    m_BestFit: 0
    m_MinSize: 10
    m_MaxSize: 40
    m_Alignment: 0
    m_AlignByGeometry: 0
    m_RichText: 1
    m_HorizontalOverflow: 0
    m_VerticalOverflow: 1
    m_LineSpacing: 1
  m_Text: APP SAMPLE
--- !u!222 &798965156
CanvasRenderer:
  m_ObjectHideFlags: 0
  m_PrefabParentObject: {fileID: 22226912, guid: bad1d536a0dd55c4c9e2b52df8733211,
    type: 2}
  m_PrefabInternal: {fileID: 2045021853}
  m_GameObject: {fileID: 798965153}
--- !u!1 &892433645
GameObject:
  m_ObjectHideFlags: 0
  m_PrefabParentObject: {fileID: 126908, guid: bad1d536a0dd55c4c9e2b52df8733211, type: 2}
  m_PrefabInternal: {fileID: 2045021853}
  serializedVersion: 5
  m_Component:
  - component: {fileID: 892433646}
  - component: {fileID: 892433648}
  - component: {fileID: 892433647}
  m_Layer: 5
  m_Name: BottomPanel
  m_TagString: Untagged
  m_Icon: {fileID: 0}
  m_NavMeshLayer: 0
  m_StaticEditorFlags: 0
  m_IsActive: 1
--- !u!224 &892433646
RectTransform:
  m_ObjectHideFlags: 0
  m_PrefabParentObject: {fileID: 22426908, guid: bad1d536a0dd55c4c9e2b52df8733211,
    type: 2}
  m_PrefabInternal: {fileID: 2045021853}
  m_GameObject: {fileID: 892433645}
  m_LocalRotation: {x: 0, y: 0, z: 0, w: 1}
  m_LocalPosition: {x: 0, y: 0, z: 0}
  m_LocalScale: {x: 1, y: 1, z: 1}
  m_Children:
  - {fileID: 1104530424}
  - {fileID: 1672710105}
  - {fileID: 342626200}
  m_Father: {fileID: 7564032}
  m_RootOrder: 1
  m_LocalEulerAnglesHint: {x: 0, y: 0, z: 0}
  m_AnchorMin: {x: 0.5, y: 0.5}
  m_AnchorMax: {x: 0.5, y: 0.5}
  m_AnchoredPosition: {x: 0, y: -403}
  m_SizeDelta: {x: 640, y: 330}
  m_Pivot: {x: 0.5, y: 0.5}
--- !u!114 &892433647
MonoBehaviour:
  m_ObjectHideFlags: 0
  m_PrefabParentObject: {fileID: 11426904, guid: bad1d536a0dd55c4c9e2b52df8733211,
    type: 2}
  m_PrefabInternal: {fileID: 2045021853}
  m_GameObject: {fileID: 892433645}
  m_Enabled: 1
  m_EditorHideFlags: 0
  m_Script: {fileID: -765806418, guid: f5f67c52d1564df4a8936ccd202a3bd8, type: 3}
  m_Name: 
  m_EditorClassIdentifier: 
  m_Material: {fileID: 0}
  m_Color: {r: 0.125, g: 0.125, b: 0.125, a: 1}
  m_RaycastTarget: 1
  m_OnCullStateChanged:
    m_PersistentCalls:
      m_Calls: []
    m_TypeName: UnityEngine.UI.MaskableGraphic+CullStateChangedEvent, UnityEngine.UI,
      Version=1.0.0.0, Culture=neutral, PublicKeyToken=null
  m_Sprite: {fileID: 21300000, guid: 7ed1238760b863f4aafde32ab3a6f28c, type: 3}
  m_Type: 1
  m_PreserveAspect: 0
  m_FillCenter: 1
  m_FillMethod: 4
  m_FillAmount: 1
  m_FillClockwise: 1
  m_FillOrigin: 0
--- !u!222 &892433648
CanvasRenderer:
  m_ObjectHideFlags: 0
  m_PrefabParentObject: {fileID: 22226908, guid: bad1d536a0dd55c4c9e2b52df8733211,
    type: 2}
  m_PrefabInternal: {fileID: 2045021853}
  m_GameObject: {fileID: 892433645}
--- !u!1 &919995377
GameObject:
  m_ObjectHideFlags: 0
  m_PrefabParentObject: {fileID: 126882, guid: bad1d536a0dd55c4c9e2b52df8733211, type: 2}
  m_PrefabInternal: {fileID: 2045021853}
  serializedVersion: 5
  m_Component:
  - component: {fileID: 919995378}
  - component: {fileID: 919995381}
  - component: {fileID: 919995380}
  - component: {fileID: 919995379}
  m_Layer: 5
  m_Name: FocusOverlay
  m_TagString: Untagged
  m_Icon: {fileID: 0}
  m_NavMeshLayer: 0
  m_StaticEditorFlags: 0
  m_IsActive: 1
--- !u!224 &919995378
RectTransform:
  m_ObjectHideFlags: 0
  m_PrefabParentObject: {fileID: 22426882, guid: bad1d536a0dd55c4c9e2b52df8733211,
    type: 2}
  m_PrefabInternal: {fileID: 2045021853}
  m_GameObject: {fileID: 919995377}
  m_LocalRotation: {x: 0, y: 0, z: 0, w: 1}
  m_LocalPosition: {x: 0, y: 0, z: 0}
  m_LocalScale: {x: 1, y: 1, z: 1}
  m_Children:
  - {fileID: 777711960}
  m_Father: {fileID: 7564032}
  m_RootOrder: 4
  m_LocalEulerAnglesHint: {x: 0, y: 0, z: 0}
  m_AnchorMin: {x: 0.5, y: 0.5}
  m_AnchorMax: {x: 0.5, y: 0.5}
  m_AnchoredPosition: {x: 104, y: 266}
  m_SizeDelta: {x: 156, y: 156}
  m_Pivot: {x: 0.5, y: 0.5}
--- !u!114 &919995379
MonoBehaviour:
  m_ObjectHideFlags: 0
  m_PrefabParentObject: {fileID: 11426862, guid: bad1d536a0dd55c4c9e2b52df8733211,
    type: 2}
  m_PrefabInternal: {fileID: 2045021853}
  m_GameObject: {fileID: 919995377}
  m_Enabled: 1
  m_EditorHideFlags: 0
  m_Script: {fileID: 1392445389, guid: f5f67c52d1564df4a8936ccd202a3bd8, type: 3}
  m_Name: 
  m_EditorClassIdentifier: 
  m_Navigation:
    m_Mode: 3
    m_SelectOnUp: {fileID: 0}
    m_SelectOnDown: {fileID: 0}
    m_SelectOnLeft: {fileID: 0}
    m_SelectOnRight: {fileID: 0}
  m_Transition: 1
  m_Colors:
    m_NormalColor: {r: 1, g: 1, b: 1, a: 1}
    m_HighlightedColor: {r: 0.9607843, g: 0.9607843, b: 0.9607843, a: 1}
    m_PressedColor: {r: 0.78431374, g: 0.78431374, b: 0.78431374, a: 1}
    m_DisabledColor: {r: 0.78431374, g: 0.78431374, b: 0.78431374, a: 0.5019608}
    m_ColorMultiplier: 1
    m_FadeDuration: 0.1
  m_SpriteState:
    m_HighlightedSprite: {fileID: 0}
    m_PressedSprite: {fileID: 0}
    m_DisabledSprite: {fileID: 0}
  m_AnimationTriggers:
    m_NormalTrigger: Normal
    m_HighlightedTrigger: Highlighted
    m_PressedTrigger: Pressed
    m_DisabledTrigger: Disabled
  m_Interactable: 1
  m_TargetGraphic: {fileID: 919995380}
  m_OnClick:
    m_PersistentCalls:
      m_Calls: []
    m_TypeName: UnityEngine.UI.Button+ButtonClickedEvent, UnityEngine.UI, Version=1.0.0.0,
      Culture=neutral, PublicKeyToken=null
--- !u!114 &919995380
MonoBehaviour:
  m_ObjectHideFlags: 0
  m_PrefabParentObject: {fileID: 11426860, guid: bad1d536a0dd55c4c9e2b52df8733211,
    type: 2}
  m_PrefabInternal: {fileID: 2045021853}
  m_GameObject: {fileID: 919995377}
  m_Enabled: 1
  m_EditorHideFlags: 0
  m_Script: {fileID: -765806418, guid: f5f67c52d1564df4a8936ccd202a3bd8, type: 3}
  m_Name: 
  m_EditorClassIdentifier: 
  m_Material: {fileID: 0}
  m_Color: {r: 0.9632353, g: 0.9632353, b: 0.9632353, a: 1}
  m_RaycastTarget: 1
  m_OnCullStateChanged:
    m_PersistentCalls:
      m_Calls: []
    m_TypeName: UnityEngine.UI.MaskableGraphic+CullStateChangedEvent, UnityEngine.UI,
      Version=1.0.0.0, Culture=neutral, PublicKeyToken=null
  m_Sprite: {fileID: 21300000, guid: 73ff9b0cba4d93a41b8b2f045a8d52c1, type: 3}
  m_Type: 0
  m_PreserveAspect: 0
  m_FillCenter: 1
  m_FillMethod: 4
  m_FillAmount: 1
  m_FillClockwise: 1
  m_FillOrigin: 0
--- !u!222 &919995381
CanvasRenderer:
  m_ObjectHideFlags: 0
  m_PrefabParentObject: {fileID: 22226882, guid: bad1d536a0dd55c4c9e2b52df8733211,
    type: 2}
  m_PrefabInternal: {fileID: 2045021853}
  m_GameObject: {fileID: 919995377}
--- !u!1 &953003769
GameObject:
  m_ObjectHideFlags: 0
  m_PrefabParentObject: {fileID: 126918, guid: bad1d536a0dd55c4c9e2b52df8733211, type: 2}
  m_PrefabInternal: {fileID: 2045021853}
  serializedVersion: 5
  m_Component:
  - component: {fileID: 953003770}
  - component: {fileID: 953003772}
  - component: {fileID: 953003771}
  m_Layer: 5
  m_Name: Line
  m_TagString: Untagged
  m_Icon: {fileID: 0}
  m_NavMeshLayer: 0
  m_StaticEditorFlags: 0
  m_IsActive: 1
--- !u!224 &953003770
RectTransform:
  m_ObjectHideFlags: 0
  m_PrefabParentObject: {fileID: 22426918, guid: bad1d536a0dd55c4c9e2b52df8733211,
    type: 2}
  m_PrefabInternal: {fileID: 2045021853}
  m_GameObject: {fileID: 953003769}
  m_LocalRotation: {x: 0, y: 0, z: 0, w: 1}
  m_LocalPosition: {x: 0, y: 0, z: 0}
  m_LocalScale: {x: 1, y: 1, z: 1}
  m_Children: []
  m_Father: {fileID: 1872733229}
  m_RootOrder: 0
  m_LocalEulerAnglesHint: {x: 0, y: 0, z: 0}
  m_AnchorMin: {x: 0.5, y: 0.5}
  m_AnchorMax: {x: 0.5, y: 0.5}
  m_AnchoredPosition: {x: 122.3, y: -105.8999}
  m_SizeDelta: {x: 1, y: 597}
  m_Pivot: {x: 0.5, y: 0.5}
--- !u!114 &953003771
MonoBehaviour:
  m_ObjectHideFlags: 0
  m_PrefabParentObject: {fileID: 11426916, guid: bad1d536a0dd55c4c9e2b52df8733211,
    type: 2}
  m_PrefabInternal: {fileID: 2045021853}
  m_GameObject: {fileID: 953003769}
  m_Enabled: 1
  m_EditorHideFlags: 0
  m_Script: {fileID: -765806418, guid: f5f67c52d1564df4a8936ccd202a3bd8, type: 3}
  m_Name: 
  m_EditorClassIdentifier: 
  m_Material: {fileID: 0}
  m_Color: {r: 1, g: 1, b: 1, a: 0.26666668}
  m_RaycastTarget: 1
  m_OnCullStateChanged:
    m_PersistentCalls:
      m_Calls: []
    m_TypeName: UnityEngine.UI.MaskableGraphic+CullStateChangedEvent, UnityEngine.UI,
      Version=1.0.0.0, Culture=neutral, PublicKeyToken=null
  m_Sprite: {fileID: 21300000, guid: 7ed1238760b863f4aafde32ab3a6f28c, type: 3}
  m_Type: 1
  m_PreserveAspect: 0
  m_FillCenter: 1
  m_FillMethod: 4
  m_FillAmount: 1
  m_FillClockwise: 1
  m_FillOrigin: 0
--- !u!222 &953003772
CanvasRenderer:
  m_ObjectHideFlags: 0
  m_PrefabParentObject: {fileID: 22226918, guid: bad1d536a0dd55c4c9e2b52df8733211,
    type: 2}
  m_PrefabInternal: {fileID: 2045021853}
  m_GameObject: {fileID: 953003769}
--- !u!1 &995832068
GameObject:
  m_ObjectHideFlags: 0
  m_PrefabParentObject: {fileID: 126910, guid: bad1d536a0dd55c4c9e2b52df8733211, type: 2}
  m_PrefabInternal: {fileID: 2045021853}
  serializedVersion: 5
  m_Component:
  - component: {fileID: 995832069}
  - component: {fileID: 995832071}
  - component: {fileID: 995832070}
  m_Layer: 5
  m_Name: Panel
  m_TagString: Untagged
  m_Icon: {fileID: 0}
  m_NavMeshLayer: 0
  m_StaticEditorFlags: 0
  m_IsActive: 1
--- !u!224 &995832069
RectTransform:
  m_ObjectHideFlags: 0
  m_PrefabParentObject: {fileID: 22426910, guid: bad1d536a0dd55c4c9e2b52df8733211,
    type: 2}
  m_PrefabInternal: {fileID: 2045021853}
  m_GameObject: {fileID: 995832068}
  m_LocalRotation: {x: 0, y: 0, z: 0, w: 1}
  m_LocalPosition: {x: 0, y: 0, z: 0}
  m_LocalScale: {x: 1, y: 1, z: 1}
  m_Children:
  - {fileID: 1712655138}
  m_Father: {fileID: 7564032}
  m_RootOrder: 3
  m_LocalEulerAnglesHint: {x: 0, y: 0, z: 0}
  m_AnchorMin: {x: 0.5, y: 0.5}
  m_AnchorMax: {x: 0.5, y: 0.5}
  m_AnchoredPosition: {x: 0, y: 516}
  m_SizeDelta: {x: 640, y: 104}
  m_Pivot: {x: 0.5, y: 0.5}
--- !u!114 &995832070
MonoBehaviour:
  m_ObjectHideFlags: 0
  m_PrefabParentObject: {fileID: 11426906, guid: bad1d536a0dd55c4c9e2b52df8733211,
    type: 2}
  m_PrefabInternal: {fileID: 2045021853}
  m_GameObject: {fileID: 995832068}
  m_Enabled: 1
  m_EditorHideFlags: 0
  m_Script: {fileID: -765806418, guid: f5f67c52d1564df4a8936ccd202a3bd8, type: 3}
  m_Name: 
  m_EditorClassIdentifier: 
  m_Material: {fileID: 0}
  m_Color: {r: 0.12941177, g: 0.12941177, b: 0.12941177, a: 1}
  m_RaycastTarget: 1
  m_OnCullStateChanged:
    m_PersistentCalls:
      m_Calls: []
    m_TypeName: UnityEngine.UI.MaskableGraphic+CullStateChangedEvent, UnityEngine.UI,
      Version=1.0.0.0, Culture=neutral, PublicKeyToken=null
  m_Sprite: {fileID: 21300000, guid: 7ed1238760b863f4aafde32ab3a6f28c, type: 3}
  m_Type: 1
  m_PreserveAspect: 0
  m_FillCenter: 1
  m_FillMethod: 4
  m_FillAmount: 1
  m_FillClockwise: 1
  m_FillOrigin: 0
--- !u!222 &995832071
CanvasRenderer:
  m_ObjectHideFlags: 0
  m_PrefabParentObject: {fileID: 22226910, guid: bad1d536a0dd55c4c9e2b52df8733211,
    type: 2}
  m_PrefabInternal: {fileID: 2045021853}
  m_GameObject: {fileID: 995832068}
--- !u!1 &1070646005
GameObject:
  m_ObjectHideFlags: 0
  m_PrefabParentObject: {fileID: 126894, guid: bad1d536a0dd55c4c9e2b52df8733211, type: 2}
  m_PrefabInternal: {fileID: 2045021853}
  serializedVersion: 5
  m_Component:
  - component: {fileID: 1070646006}
  - component: {fileID: 1070646008}
  - component: {fileID: 1070646007}
  m_Layer: 5
  m_Name: Image
  m_TagString: Untagged
  m_Icon: {fileID: 0}
  m_NavMeshLayer: 0
  m_StaticEditorFlags: 0
  m_IsActive: 1
--- !u!224 &1070646006
RectTransform:
  m_ObjectHideFlags: 0
  m_PrefabParentObject: {fileID: 22426894, guid: bad1d536a0dd55c4c9e2b52df8733211,
    type: 2}
  m_PrefabInternal: {fileID: 2045021853}
  m_GameObject: {fileID: 1070646005}
  m_LocalRotation: {x: 0, y: 0, z: 0, w: 1}
  m_LocalPosition: {x: 0, y: 0, z: 0}
  m_LocalScale: {x: 1, y: 1, z: 1}
  m_Children: []
  m_Father: {fileID: 342626200}
  m_RootOrder: 0
  m_LocalEulerAnglesHint: {x: 0, y: 0, z: 0}
  m_AnchorMin: {x: 0.5, y: 0.5}
  m_AnchorMax: {x: 0.5, y: 0.5}
  m_AnchoredPosition: {x: 0, y: 9}
  m_SizeDelta: {x: 103.45, y: 154}
  m_Pivot: {x: 0.5, y: 0.5}
--- !u!114 &1070646007
MonoBehaviour:
  m_ObjectHideFlags: 0
  m_PrefabParentObject: {fileID: 11426882, guid: bad1d536a0dd55c4c9e2b52df8733211,
    type: 2}
  m_PrefabInternal: {fileID: 2045021853}
  m_GameObject: {fileID: 1070646005}
  m_Enabled: 1
  m_EditorHideFlags: 0
  m_Script: {fileID: -765806418, guid: f5f67c52d1564df4a8936ccd202a3bd8, type: 3}
  m_Name: 
  m_EditorClassIdentifier: 
  m_Material: {fileID: 0}
  m_Color: {r: 1, g: 1, b: 1, a: 1}
  m_RaycastTarget: 1
  m_OnCullStateChanged:
    m_PersistentCalls:
      m_Calls: []
    m_TypeName: UnityEngine.UI.MaskableGraphic+CullStateChangedEvent, UnityEngine.UI,
      Version=1.0.0.0, Culture=neutral, PublicKeyToken=null
  m_Sprite: {fileID: 21300000, guid: 4cfb71e2d176b461d9150cea41bc5b32, type: 3}
  m_Type: 0
  m_PreserveAspect: 0
  m_FillCenter: 1
  m_FillMethod: 4
  m_FillAmount: 1
  m_FillClockwise: 1
  m_FillOrigin: 0
--- !u!222 &1070646008
CanvasRenderer:
  m_ObjectHideFlags: 0
  m_PrefabParentObject: {fileID: 22226894, guid: bad1d536a0dd55c4c9e2b52df8733211,
    type: 2}
  m_PrefabInternal: {fileID: 2045021853}
  m_GameObject: {fileID: 1070646005}
--- !u!1 &1104530423
GameObject:
  m_ObjectHideFlags: 0
  m_PrefabParentObject: {fileID: 126888, guid: bad1d536a0dd55c4c9e2b52df8733211, type: 2}
  m_PrefabInternal: {fileID: 2045021853}
  serializedVersion: 5
  m_Component:
  - component: {fileID: 1104530424}
  - component: {fileID: 1104530427}
  - component: {fileID: 1104530426}
  - component: {fileID: 1104530425}
  m_Layer: 5
  m_Name: ButtonCamera
  m_TagString: Untagged
  m_Icon: {fileID: 0}
  m_NavMeshLayer: 0
  m_StaticEditorFlags: 0
  m_IsActive: 1
--- !u!224 &1104530424
RectTransform:
  m_ObjectHideFlags: 0
  m_PrefabParentObject: {fileID: 22426888, guid: bad1d536a0dd55c4c9e2b52df8733211,
    type: 2}
  m_PrefabInternal: {fileID: 2045021853}
  m_GameObject: {fileID: 1104530423}
  m_LocalRotation: {x: 0, y: 0, z: 0, w: 1}
  m_LocalPosition: {x: 0, y: 0, z: 0}
  m_LocalScale: {x: 1, y: 1, z: 1}
  m_Children:
  - {fileID: 2024499582}
  m_Father: {fileID: 892433646}
  m_RootOrder: 0
  m_LocalEulerAnglesHint: {x: 0, y: 0, z: 0}
  m_AnchorMin: {x: 0.5, y: 0.5}
  m_AnchorMax: {x: 0.5, y: 0.5}
  m_AnchoredPosition: {x: -0.0000014305115, y: 0.0000007748604}
  m_SizeDelta: {x: 180, y: 180}
  m_Pivot: {x: 0.5, y: 0.5}
--- !u!114 &1104530425
MonoBehaviour:
  m_ObjectHideFlags: 0
  m_PrefabParentObject: {fileID: 11426872, guid: bad1d536a0dd55c4c9e2b52df8733211,
    type: 2}
  m_PrefabInternal: {fileID: 2045021853}
  m_GameObject: {fileID: 1104530423}
  m_Enabled: 1
  m_EditorHideFlags: 0
  m_Script: {fileID: 1392445389, guid: f5f67c52d1564df4a8936ccd202a3bd8, type: 3}
  m_Name: 
  m_EditorClassIdentifier: 
  m_Navigation:
    m_Mode: 3
    m_SelectOnUp: {fileID: 0}
    m_SelectOnDown: {fileID: 0}
    m_SelectOnLeft: {fileID: 0}
    m_SelectOnRight: {fileID: 0}
  m_Transition: 1
  m_Colors:
    m_NormalColor: {r: 1, g: 1, b: 1, a: 1}
    m_HighlightedColor: {r: 0.9607843, g: 0.9607843, b: 0.9607843, a: 1}
    m_PressedColor: {r: 0.78431374, g: 0.78431374, b: 0.78431374, a: 1}
    m_DisabledColor: {r: 0.78431374, g: 0.78431374, b: 0.78431374, a: 0.5019608}
    m_ColorMultiplier: 1
    m_FadeDuration: 0.1
  m_SpriteState:
    m_HighlightedSprite: {fileID: 0}
    m_PressedSprite: {fileID: 0}
    m_DisabledSprite: {fileID: 0}
  m_AnimationTriggers:
    m_NormalTrigger: Normal
    m_HighlightedTrigger: Highlighted
    m_PressedTrigger: Pressed
    m_DisabledTrigger: Disabled
  m_Interactable: 1
  m_TargetGraphic: {fileID: 1104530426}
  m_OnClick:
    m_PersistentCalls:
      m_Calls: []
    m_TypeName: UnityEngine.UI.Button+ButtonClickedEvent, UnityEngine.UI, Version=1.0.0.0,
      Culture=neutral, PublicKeyToken=null
--- !u!114 &1104530426
MonoBehaviour:
  m_ObjectHideFlags: 0
  m_PrefabParentObject: {fileID: 11426870, guid: bad1d536a0dd55c4c9e2b52df8733211,
    type: 2}
  m_PrefabInternal: {fileID: 2045021853}
  m_GameObject: {fileID: 1104530423}
  m_Enabled: 1
  m_EditorHideFlags: 0
  m_Script: {fileID: -765806418, guid: f5f67c52d1564df4a8936ccd202a3bd8, type: 3}
  m_Name: 
  m_EditorClassIdentifier: 
  m_Material: {fileID: 0}
  m_Color: {r: 1, g: 1, b: 1, a: 1}
  m_RaycastTarget: 1
  m_OnCullStateChanged:
    m_PersistentCalls:
      m_Calls: []
    m_TypeName: UnityEngine.UI.MaskableGraphic+CullStateChangedEvent, UnityEngine.UI,
      Version=1.0.0.0, Culture=neutral, PublicKeyToken=null
  m_Sprite: {fileID: 21300000, guid: 5d13f4ba5573aaf4c83a490c5a48c743, type: 3}
  m_Type: 0
  m_PreserveAspect: 0
  m_FillCenter: 1
  m_FillMethod: 4
  m_FillAmount: 1
  m_FillClockwise: 1
  m_FillOrigin: 0
--- !u!222 &1104530427
CanvasRenderer:
  m_ObjectHideFlags: 0
  m_PrefabParentObject: {fileID: 22226888, guid: bad1d536a0dd55c4c9e2b52df8733211,
    type: 2}
  m_PrefabInternal: {fileID: 2045021853}
  m_GameObject: {fileID: 1104530423}
--- !u!1 &1114816369
GameObject:
  m_ObjectHideFlags: 0
  m_PrefabParentObject: {fileID: 126900, guid: bad1d536a0dd55c4c9e2b52df8733211, type: 2}
  m_PrefabInternal: {fileID: 2045021853}
  serializedVersion: 5
  m_Component:
  - component: {fileID: 1114816370}
  - component: {fileID: 1114816373}
  - component: {fileID: 1114816372}
  - component: {fileID: 1114816371}
  m_Layer: 5
  m_Name: Button
  m_TagString: Untagged
  m_Icon: {fileID: 0}
  m_NavMeshLayer: 0
  m_StaticEditorFlags: 0
  m_IsActive: 1
--- !u!224 &1114816370
RectTransform:
  m_ObjectHideFlags: 0
  m_PrefabParentObject: {fileID: 22426900, guid: bad1d536a0dd55c4c9e2b52df8733211,
    type: 2}
  m_PrefabInternal: {fileID: 2045021853}
  m_GameObject: {fileID: 1114816369}
  m_LocalRotation: {x: 0, y: 0, z: 0, w: 1}
  m_LocalPosition: {x: 0, y: 0, z: 0}
  m_LocalScale: {x: 1, y: 1, z: 1}
  m_Children: []
  m_Father: {fileID: 1754161571}
  m_RootOrder: 2
  m_LocalEulerAnglesHint: {x: 0, y: 0, z: 0}
  m_AnchorMin: {x: 0.5, y: 0.5}
  m_AnchorMax: {x: 0.5, y: 0.5}
  m_AnchoredPosition: {x: 0.0000009536743, y: 0}
  m_SizeDelta: {x: 44, y: 35.663}
  m_Pivot: {x: 0.5, y: 0.5}
--- !u!114 &1114816371
MonoBehaviour:
  m_ObjectHideFlags: 0
  m_PrefabParentObject: {fileID: 11426892, guid: bad1d536a0dd55c4c9e2b52df8733211,
    type: 2}
  m_PrefabInternal: {fileID: 2045021853}
  m_GameObject: {fileID: 1114816369}
  m_Enabled: 1
  m_EditorHideFlags: 0
  m_Script: {fileID: 1392445389, guid: f5f67c52d1564df4a8936ccd202a3bd8, type: 3}
  m_Name: 
  m_EditorClassIdentifier: 
  m_Navigation:
    m_Mode: 3
    m_SelectOnUp: {fileID: 0}
    m_SelectOnDown: {fileID: 0}
    m_SelectOnLeft: {fileID: 0}
    m_SelectOnRight: {fileID: 0}
  m_Transition: 1
  m_Colors:
    m_NormalColor: {r: 1, g: 1, b: 1, a: 1}
    m_HighlightedColor: {r: 0.9607843, g: 0.9607843, b: 0.9607843, a: 1}
    m_PressedColor: {r: 0.78431374, g: 0.78431374, b: 0.78431374, a: 1}
    m_DisabledColor: {r: 0.78431374, g: 0.78431374, b: 0.78431374, a: 0.5019608}
    m_ColorMultiplier: 1
    m_FadeDuration: 0.1
  m_SpriteState:
    m_HighlightedSprite: {fileID: 0}
    m_PressedSprite: {fileID: 0}
    m_DisabledSprite: {fileID: 0}
  m_AnimationTriggers:
    m_NormalTrigger: Normal
    m_HighlightedTrigger: Highlighted
    m_PressedTrigger: Pressed
    m_DisabledTrigger: Disabled
  m_Interactable: 1
  m_TargetGraphic: {fileID: 1114816372}
  m_OnClick:
    m_PersistentCalls:
      m_Calls: []
    m_TypeName: UnityEngine.UI.Button+ButtonClickedEvent, UnityEngine.UI, Version=1.0.0.0,
      Culture=neutral, PublicKeyToken=null
--- !u!114 &1114816372
MonoBehaviour:
  m_ObjectHideFlags: 0
  m_PrefabParentObject: {fileID: 11426890, guid: bad1d536a0dd55c4c9e2b52df8733211,
    type: 2}
  m_PrefabInternal: {fileID: 2045021853}
  m_GameObject: {fileID: 1114816369}
  m_Enabled: 1
  m_EditorHideFlags: 0
  m_Script: {fileID: -765806418, guid: f5f67c52d1564df4a8936ccd202a3bd8, type: 3}
  m_Name: 
  m_EditorClassIdentifier: 
  m_Material: {fileID: 0}
  m_Color: {r: 1, g: 1, b: 1, a: 1}
  m_RaycastTarget: 1
  m_OnCullStateChanged:
    m_PersistentCalls:
      m_Calls: []
    m_TypeName: UnityEngine.UI.MaskableGraphic+CullStateChangedEvent, UnityEngine.UI,
      Version=1.0.0.0, Culture=neutral, PublicKeyToken=null
  m_Sprite: {fileID: 21300000, guid: d6c30ca94605b4d2e8c19bde9711c3ae, type: 3}
  m_Type: 0
  m_PreserveAspect: 0
  m_FillCenter: 1
  m_FillMethod: 4
  m_FillAmount: 1
  m_FillClockwise: 1
  m_FillOrigin: 0
--- !u!222 &1114816373
CanvasRenderer:
  m_ObjectHideFlags: 0
  m_PrefabParentObject: {fileID: 22226900, guid: bad1d536a0dd55c4c9e2b52df8733211,
    type: 2}
  m_PrefabInternal: {fileID: 2045021853}
  m_GameObject: {fileID: 1114816369}
--- !u!1 &1153299781
GameObject:
  m_ObjectHideFlags: 0
  m_PrefabParentObject: {fileID: 126890, guid: bad1d536a0dd55c4c9e2b52df8733211, type: 2}
  m_PrefabInternal: {fileID: 2045021853}
  serializedVersion: 5
  m_Component:
  - component: {fileID: 1153299782}
  - component: {fileID: 1153299785}
  - component: {fileID: 1153299784}
  - component: {fileID: 1153299783}
  m_Layer: 5
  m_Name: Button
  m_TagString: Untagged
  m_Icon: {fileID: 0}
  m_NavMeshLayer: 0
  m_StaticEditorFlags: 0
  m_IsActive: 1
--- !u!224 &1153299782
RectTransform:
  m_ObjectHideFlags: 0
  m_PrefabParentObject: {fileID: 22426890, guid: bad1d536a0dd55c4c9e2b52df8733211,
    type: 2}
  m_PrefabInternal: {fileID: 2045021853}
  m_GameObject: {fileID: 1153299781}
  m_LocalRotation: {x: 0, y: 0, z: 0, w: 1}
  m_LocalPosition: {x: 0, y: 0, z: 0}
  m_LocalScale: {x: 1, y: 1, z: 1}
  m_Children: []
  m_Father: {fileID: 1754161571}
  m_RootOrder: 1
  m_LocalEulerAnglesHint: {x: 0, y: 0, z: 0}
  m_AnchorMin: {x: 0.5, y: 0.5}
  m_AnchorMax: {x: 0.5, y: 0.5}
  m_AnchoredPosition: {x: 120, y: 0}
  m_SizeDelta: {x: 24, y: 43}
  m_Pivot: {x: 0.5, y: 0.5}
--- !u!114 &1153299783
MonoBehaviour:
  m_ObjectHideFlags: 0
  m_PrefabParentObject: {fileID: 11426876, guid: bad1d536a0dd55c4c9e2b52df8733211,
    type: 2}
  m_PrefabInternal: {fileID: 2045021853}
  m_GameObject: {fileID: 1153299781}
  m_Enabled: 1
  m_EditorHideFlags: 0
  m_Script: {fileID: 1392445389, guid: f5f67c52d1564df4a8936ccd202a3bd8, type: 3}
  m_Name: 
  m_EditorClassIdentifier: 
  m_Navigation:
    m_Mode: 3
    m_SelectOnUp: {fileID: 0}
    m_SelectOnDown: {fileID: 0}
    m_SelectOnLeft: {fileID: 0}
    m_SelectOnRight: {fileID: 0}
  m_Transition: 1
  m_Colors:
    m_NormalColor: {r: 1, g: 1, b: 1, a: 1}
    m_HighlightedColor: {r: 0.9607843, g: 0.9607843, b: 0.9607843, a: 1}
    m_PressedColor: {r: 0.78431374, g: 0.78431374, b: 0.78431374, a: 1}
    m_DisabledColor: {r: 0.78431374, g: 0.78431374, b: 0.78431374, a: 0.5019608}
    m_ColorMultiplier: 1
    m_FadeDuration: 0.1
  m_SpriteState:
    m_HighlightedSprite: {fileID: 0}
    m_PressedSprite: {fileID: 0}
    m_DisabledSprite: {fileID: 0}
  m_AnimationTriggers:
    m_NormalTrigger: Normal
    m_HighlightedTrigger: Highlighted
    m_PressedTrigger: Pressed
    m_DisabledTrigger: Disabled
  m_Interactable: 1
  m_TargetGraphic: {fileID: 1153299784}
  m_OnClick:
    m_PersistentCalls:
      m_Calls: []
    m_TypeName: UnityEngine.UI.Button+ButtonClickedEvent, UnityEngine.UI, Version=1.0.0.0,
      Culture=neutral, PublicKeyToken=null
--- !u!114 &1153299784
MonoBehaviour:
  m_ObjectHideFlags: 0
  m_PrefabParentObject: {fileID: 11426874, guid: bad1d536a0dd55c4c9e2b52df8733211,
    type: 2}
  m_PrefabInternal: {fileID: 2045021853}
  m_GameObject: {fileID: 1153299781}
  m_Enabled: 1
  m_EditorHideFlags: 0
  m_Script: {fileID: -765806418, guid: f5f67c52d1564df4a8936ccd202a3bd8, type: 3}
  m_Name: 
  m_EditorClassIdentifier: 
  m_Material: {fileID: 0}
  m_Color: {r: 1, g: 1, b: 1, a: 1}
  m_RaycastTarget: 1
  m_OnCullStateChanged:
    m_PersistentCalls:
      m_Calls: []
    m_TypeName: UnityEngine.UI.MaskableGraphic+CullStateChangedEvent, UnityEngine.UI,
      Version=1.0.0.0, Culture=neutral, PublicKeyToken=null
  m_Sprite: {fileID: 21300000, guid: 808ccd6b57b92481eb8234406b711bd1, type: 3}
  m_Type: 0
  m_PreserveAspect: 0
  m_FillCenter: 1
  m_FillMethod: 4
  m_FillAmount: 1
  m_FillClockwise: 1
  m_FillOrigin: 0
--- !u!222 &1153299785
CanvasRenderer:
  m_ObjectHideFlags: 0
  m_PrefabParentObject: {fileID: 22226890, guid: bad1d536a0dd55c4c9e2b52df8733211,
    type: 2}
  m_PrefabInternal: {fileID: 2045021853}
  m_GameObject: {fileID: 1153299781}
--- !u!1 &1254340820
GameObject:
  m_ObjectHideFlags: 0
  m_PrefabParentObject: {fileID: 126880, guid: bad1d536a0dd55c4c9e2b52df8733211, type: 2}
  m_PrefabInternal: {fileID: 2045021853}
  serializedVersion: 5
  m_Component:
  - component: {fileID: 1254340821}
  - component: {fileID: 1254340823}
  - component: {fileID: 1254340822}
  m_Layer: 5
  m_Name: Line
  m_TagString: Untagged
  m_Icon: {fileID: 0}
  m_NavMeshLayer: 0
  m_StaticEditorFlags: 0
  m_IsActive: 1
--- !u!224 &1254340821
RectTransform:
  m_ObjectHideFlags: 0
  m_PrefabParentObject: {fileID: 22426880, guid: bad1d536a0dd55c4c9e2b52df8733211,
    type: 2}
  m_PrefabInternal: {fileID: 2045021853}
  m_GameObject: {fileID: 1254340820}
  m_LocalRotation: {x: 0, y: 0, z: 0, w: 1}
  m_LocalPosition: {x: 0, y: 0, z: 0}
  m_LocalScale: {x: 1, y: 1, z: 1}
  m_Children: []
  m_Father: {fileID: 1872733229}
  m_RootOrder: 3
  m_LocalEulerAnglesHint: {x: 0, y: 0, z: 0}
  m_AnchorMin: {x: 0.5, y: 0.5}
  m_AnchorMax: {x: 0.5, y: 0.5}
  m_AnchoredPosition: {x: -1, y: -217.3999}
  m_SizeDelta: {x: 640, y: 1}
  m_Pivot: {x: 0.5, y: 0.5}
--- !u!114 &1254340822
MonoBehaviour:
  m_ObjectHideFlags: 0
  m_PrefabParentObject: {fileID: 11426858, guid: bad1d536a0dd55c4c9e2b52df8733211,
    type: 2}
  m_PrefabInternal: {fileID: 2045021853}
  m_GameObject: {fileID: 1254340820}
  m_Enabled: 1
  m_EditorHideFlags: 0
  m_Script: {fileID: -765806418, guid: f5f67c52d1564df4a8936ccd202a3bd8, type: 3}
  m_Name: 
  m_EditorClassIdentifier: 
  m_Material: {fileID: 0}
  m_Color: {r: 1, g: 1, b: 1, a: 0.26666668}
  m_RaycastTarget: 1
  m_OnCullStateChanged:
    m_PersistentCalls:
      m_Calls: []
    m_TypeName: UnityEngine.UI.MaskableGraphic+CullStateChangedEvent, UnityEngine.UI,
      Version=1.0.0.0, Culture=neutral, PublicKeyToken=null
  m_Sprite: {fileID: 21300000, guid: 7ed1238760b863f4aafde32ab3a6f28c, type: 3}
  m_Type: 1
  m_PreserveAspect: 0
  m_FillCenter: 1
  m_FillMethod: 4
  m_FillAmount: 1
  m_FillClockwise: 1
  m_FillOrigin: 0
--- !u!222 &1254340823
CanvasRenderer:
  m_ObjectHideFlags: 0
  m_PrefabParentObject: {fileID: 22226880, guid: bad1d536a0dd55c4c9e2b52df8733211,
    type: 2}
  m_PrefabInternal: {fileID: 2045021853}
  m_GameObject: {fileID: 1254340820}
--- !u!1 &1500371475
GameObject:
  m_ObjectHideFlags: 0
  m_PrefabParentObject: {fileID: 0}
  m_PrefabInternal: {fileID: 0}
  serializedVersion: 5
  m_Component:
  - component: {fileID: 1500371479}
  - component: {fileID: 1500371478}
  - component: {fileID: 1500371477}
  - component: {fileID: 1500371476}
  m_Layer: 0
  m_Name: EventSystem
  m_TagString: Untagged
  m_Icon: {fileID: 0}
  m_NavMeshLayer: 0
  m_StaticEditorFlags: 0
  m_IsActive: 1
--- !u!114 &1500371476
MonoBehaviour:
  m_ObjectHideFlags: 0
  m_PrefabParentObject: {fileID: 0}
  m_PrefabInternal: {fileID: 0}
  m_GameObject: {fileID: 1500371475}
  m_Enabled: 1
  m_EditorHideFlags: 0
  m_Script: {fileID: 1997211142, guid: f5f67c52d1564df4a8936ccd202a3bd8, type: 3}
  m_Name: 
  m_EditorClassIdentifier: 
  m_ForceModuleActive: 0
--- !u!114 &1500371477
MonoBehaviour:
  m_ObjectHideFlags: 0
  m_PrefabParentObject: {fileID: 0}
  m_PrefabInternal: {fileID: 0}
  m_GameObject: {fileID: 1500371475}
  m_Enabled: 1
  m_EditorHideFlags: 0
  m_Script: {fileID: 1077351063, guid: f5f67c52d1564df4a8936ccd202a3bd8, type: 3}
  m_Name: 
  m_EditorClassIdentifier: 
  m_HorizontalAxis: Horizontal
  m_VerticalAxis: Vertical
  m_SubmitButton: Submit
  m_CancelButton: Cancel
  m_InputActionsPerSecond: 10
  m_RepeatDelay: 0.5
  m_ForceModuleActive: 0
--- !u!114 &1500371478
MonoBehaviour:
  m_ObjectHideFlags: 0
  m_PrefabParentObject: {fileID: 0}
  m_PrefabInternal: {fileID: 0}
  m_GameObject: {fileID: 1500371475}
  m_Enabled: 1
  m_EditorHideFlags: 0
  m_Script: {fileID: -619905303, guid: f5f67c52d1564df4a8936ccd202a3bd8, type: 3}
  m_Name: 
  m_EditorClassIdentifier: 
  m_FirstSelected: {fileID: 0}
  m_sendNavigationEvents: 1
  m_DragThreshold: 5
--- !u!4 &1500371479
Transform:
  m_ObjectHideFlags: 0
  m_PrefabParentObject: {fileID: 0}
  m_PrefabInternal: {fileID: 0}
  m_GameObject: {fileID: 1500371475}
  m_LocalRotation: {x: 0, y: 0, z: 0, w: 1}
  m_LocalPosition: {x: 0, y: 0, z: 0}
  m_LocalScale: {x: 1, y: 1, z: 1}
  m_Children: []
  m_Father: {fileID: 0}
  m_RootOrder: 1
  m_LocalEulerAnglesHint: {x: 0, y: 0, z: 0}
--- !u!1 &1511305452
GameObject:
  m_ObjectHideFlags: 0
  m_PrefabParentObject: {fileID: 0}
  m_PrefabInternal: {fileID: 0}
  serializedVersion: 5
  m_Component:
  - component: {fileID: 1511305453}
  m_Layer: 0
  m_Name: __SET_YOUR_GAMESCREEN_TO_640x1136
  m_TagString: Untagged
  m_Icon: {fileID: 0}
  m_NavMeshLayer: 0
  m_StaticEditorFlags: 0
  m_IsActive: 1
--- !u!4 &1511305453
Transform:
  m_ObjectHideFlags: 0
  m_PrefabParentObject: {fileID: 0}
  m_PrefabInternal: {fileID: 0}
  m_GameObject: {fileID: 1511305452}
  m_LocalRotation: {x: 0, y: 0, z: 0, w: 1}
  m_LocalPosition: {x: 494.995, y: 627.74, z: 0}
  m_LocalScale: {x: 1, y: 1, z: 1}
  m_Children: []
  m_Father: {fileID: 0}
  m_RootOrder: 2
  m_LocalEulerAnglesHint: {x: 0, y: 0, z: 0}
--- !u!1 &1672710104
GameObject:
  m_ObjectHideFlags: 0
  m_PrefabParentObject: {fileID: 126904, guid: bad1d536a0dd55c4c9e2b52df8733211, type: 2}
  m_PrefabInternal: {fileID: 2045021853}
  serializedVersion: 5
  m_Component:
  - component: {fileID: 1672710105}
  - component: {fileID: 1672710108}
  - component: {fileID: 1672710107}
  - component: {fileID: 1672710106}
  m_Layer: 5
  m_Name: ButtonCamera
  m_TagString: Untagged
  m_Icon: {fileID: 0}
  m_NavMeshLayer: 0
  m_StaticEditorFlags: 0
  m_IsActive: 1
--- !u!224 &1672710105
RectTransform:
  m_ObjectHideFlags: 0
  m_PrefabParentObject: {fileID: 22426904, guid: bad1d536a0dd55c4c9e2b52df8733211,
    type: 2}
  m_PrefabInternal: {fileID: 2045021853}
  m_GameObject: {fileID: 1672710104}
  m_LocalRotation: {x: 0, y: 0, z: 0, w: 1}
  m_LocalPosition: {x: 0, y: 0, z: 0}
  m_LocalScale: {x: 1, y: 1, z: 1}
  m_Children: []
  m_Father: {fileID: 892433646}
  m_RootOrder: 1
  m_LocalEulerAnglesHint: {x: 0, y: 0, z: 0}
  m_AnchorMin: {x: 0.5, y: 0.5}
  m_AnchorMax: {x: 0.5, y: 0.5}
  m_AnchoredPosition: {x: 210, y: 0}
  m_SizeDelta: {x: 88, y: 72}
  m_Pivot: {x: 0.5, y: 0.5}
--- !u!114 &1672710106
MonoBehaviour:
  m_ObjectHideFlags: 0
  m_PrefabParentObject: {fileID: 11426900, guid: bad1d536a0dd55c4c9e2b52df8733211,
    type: 2}
  m_PrefabInternal: {fileID: 2045021853}
  m_GameObject: {fileID: 1672710104}
  m_Enabled: 1
  m_EditorHideFlags: 0
  m_Script: {fileID: 1392445389, guid: f5f67c52d1564df4a8936ccd202a3bd8, type: 3}
  m_Name: 
  m_EditorClassIdentifier: 
  m_Navigation:
    m_Mode: 3
    m_SelectOnUp: {fileID: 0}
    m_SelectOnDown: {fileID: 0}
    m_SelectOnLeft: {fileID: 0}
    m_SelectOnRight: {fileID: 0}
  m_Transition: 1
  m_Colors:
    m_NormalColor: {r: 1, g: 1, b: 1, a: 1}
    m_HighlightedColor: {r: 0.9607843, g: 0.9607843, b: 0.9607843, a: 1}
    m_PressedColor: {r: 0.78431374, g: 0.78431374, b: 0.78431374, a: 1}
    m_DisabledColor: {r: 0.78431374, g: 0.78431374, b: 0.78431374, a: 0.5019608}
    m_ColorMultiplier: 1
    m_FadeDuration: 0.1
  m_SpriteState:
    m_HighlightedSprite: {fileID: 0}
    m_PressedSprite: {fileID: 0}
    m_DisabledSprite: {fileID: 0}
  m_AnimationTriggers:
    m_NormalTrigger: Normal
    m_HighlightedTrigger: Highlighted
    m_PressedTrigger: Pressed
    m_DisabledTrigger: Disabled
  m_Interactable: 1
  m_TargetGraphic: {fileID: 1672710107}
  m_OnClick:
    m_PersistentCalls:
      m_Calls: []
    m_TypeName: UnityEngine.UI.Button+ButtonClickedEvent, UnityEngine.UI, Version=1.0.0.0,
      Culture=neutral, PublicKeyToken=null
--- !u!114 &1672710107
MonoBehaviour:
  m_ObjectHideFlags: 0
  m_PrefabParentObject: {fileID: 11426898, guid: bad1d536a0dd55c4c9e2b52df8733211,
    type: 2}
  m_PrefabInternal: {fileID: 2045021853}
  m_GameObject: {fileID: 1672710104}
  m_Enabled: 1
  m_EditorHideFlags: 0
  m_Script: {fileID: -765806418, guid: f5f67c52d1564df4a8936ccd202a3bd8, type: 3}
  m_Name: 
  m_EditorClassIdentifier: 
  m_Material: {fileID: 0}
  m_Color: {r: 1, g: 1, b: 1, a: 1}
  m_RaycastTarget: 1
  m_OnCullStateChanged:
    m_PersistentCalls:
      m_Calls: []
    m_TypeName: UnityEngine.UI.MaskableGraphic+CullStateChangedEvent, UnityEngine.UI,
      Version=1.0.0.0, Culture=neutral, PublicKeyToken=null
  m_Sprite: {fileID: 21300000, guid: 4b8df78be1583c84c855ea60617767ce, type: 3}
  m_Type: 0
  m_PreserveAspect: 0
  m_FillCenter: 1
  m_FillMethod: 4
  m_FillAmount: 1
  m_FillClockwise: 1
  m_FillOrigin: 0
--- !u!222 &1672710108
CanvasRenderer:
  m_ObjectHideFlags: 0
  m_PrefabParentObject: {fileID: 22226904, guid: bad1d536a0dd55c4c9e2b52df8733211,
    type: 2}
  m_PrefabInternal: {fileID: 2045021853}
  m_GameObject: {fileID: 1672710104}
--- !u!1 &1712655137
GameObject:
  m_ObjectHideFlags: 0
  m_PrefabParentObject: {fileID: 126902, guid: bad1d536a0dd55c4c9e2b52df8733211, type: 2}
  m_PrefabInternal: {fileID: 2045021853}
  serializedVersion: 5
  m_Component:
  - component: {fileID: 1712655138}
  - component: {fileID: 1712655141}
  - component: {fileID: 1712655140}
  - component: {fileID: 1712655139}
  m_Layer: 5
  m_Name: Button
  m_TagString: Untagged
  m_Icon: {fileID: 0}
  m_NavMeshLayer: 0
  m_StaticEditorFlags: 0
  m_IsActive: 1
--- !u!224 &1712655138
RectTransform:
  m_ObjectHideFlags: 0
  m_PrefabParentObject: {fileID: 22426902, guid: bad1d536a0dd55c4c9e2b52df8733211,
    type: 2}
  m_PrefabInternal: {fileID: 2045021853}
  m_GameObject: {fileID: 1712655137}
  m_LocalRotation: {x: 0, y: 0, z: 0, w: 1}
  m_LocalPosition: {x: 0, y: 0, z: 0}
  m_LocalScale: {x: 1, y: 1, z: 1}
  m_Children: []
  m_Father: {fileID: 995832069}
  m_RootOrder: 0
  m_LocalEulerAnglesHint: {x: 0, y: 0, z: 0}
  m_AnchorMin: {x: 0.5, y: 0.5}
  m_AnchorMax: {x: 0.5, y: 0.5}
  m_AnchoredPosition: {x: -262.5, y: 0}
  m_SizeDelta: {x: 30, y: 30}
  m_Pivot: {x: 0.5, y: 0.5}
--- !u!114 &1712655139
MonoBehaviour:
  m_ObjectHideFlags: 0
  m_PrefabParentObject: {fileID: 11426896, guid: bad1d536a0dd55c4c9e2b52df8733211,
    type: 2}
  m_PrefabInternal: {fileID: 2045021853}
  m_GameObject: {fileID: 1712655137}
  m_Enabled: 1
  m_EditorHideFlags: 0
  m_Script: {fileID: 1392445389, guid: f5f67c52d1564df4a8936ccd202a3bd8, type: 3}
  m_Name: 
  m_EditorClassIdentifier: 
  m_Navigation:
    m_Mode: 3
    m_SelectOnUp: {fileID: 0}
    m_SelectOnDown: {fileID: 0}
    m_SelectOnLeft: {fileID: 0}
    m_SelectOnRight: {fileID: 0}
  m_Transition: 1
  m_Colors:
    m_NormalColor: {r: 1, g: 1, b: 1, a: 1}
    m_HighlightedColor: {r: 0.9607843, g: 0.9607843, b: 0.9607843, a: 1}
    m_PressedColor: {r: 0.78431374, g: 0.78431374, b: 0.78431374, a: 1}
    m_DisabledColor: {r: 0.78431374, g: 0.78431374, b: 0.78431374, a: 0.5019608}
    m_ColorMultiplier: 1
    m_FadeDuration: 0.1
  m_SpriteState:
    m_HighlightedSprite: {fileID: 0}
    m_PressedSprite: {fileID: 0}
    m_DisabledSprite: {fileID: 0}
  m_AnimationTriggers:
    m_NormalTrigger: Normal
    m_HighlightedTrigger: Highlighted
    m_PressedTrigger: Pressed
    m_DisabledTrigger: Disabled
  m_Interactable: 1
  m_TargetGraphic: {fileID: 1712655140}
  m_OnClick:
    m_PersistentCalls:
      m_Calls: []
    m_TypeName: UnityEngine.UI.Button+ButtonClickedEvent, UnityEngine.UI, Version=1.0.0.0,
      Culture=neutral, PublicKeyToken=null
--- !u!114 &1712655140
MonoBehaviour:
  m_ObjectHideFlags: 0
  m_PrefabParentObject: {fileID: 11426894, guid: bad1d536a0dd55c4c9e2b52df8733211,
    type: 2}
  m_PrefabInternal: {fileID: 2045021853}
  m_GameObject: {fileID: 1712655137}
  m_Enabled: 1
  m_EditorHideFlags: 0
  m_Script: {fileID: -765806418, guid: f5f67c52d1564df4a8936ccd202a3bd8, type: 3}
  m_Name: 
  m_EditorClassIdentifier: 
  m_Material: {fileID: 0}
  m_Color: {r: 1, g: 1, b: 1, a: 1}
  m_RaycastTarget: 1
  m_OnCullStateChanged:
    m_PersistentCalls:
      m_Calls: []
    m_TypeName: UnityEngine.UI.MaskableGraphic+CullStateChangedEvent, UnityEngine.UI,
      Version=1.0.0.0, Culture=neutral, PublicKeyToken=null
  m_Sprite: {fileID: 21300000, guid: 61e52879746544436b5141a2ab8b064a, type: 3}
  m_Type: 0
  m_PreserveAspect: 0
  m_FillCenter: 1
  m_FillMethod: 4
  m_FillAmount: 1
  m_FillClockwise: 1
  m_FillOrigin: 0
--- !u!222 &1712655141
CanvasRenderer:
  m_ObjectHideFlags: 0
  m_PrefabParentObject: {fileID: 22226902, guid: bad1d536a0dd55c4c9e2b52df8733211,
    type: 2}
  m_PrefabInternal: {fileID: 2045021853}
  m_GameObject: {fileID: 1712655137}
--- !u!1 &1754161570
GameObject:
  m_ObjectHideFlags: 0
  m_PrefabParentObject: {fileID: 126916, guid: bad1d536a0dd55c4c9e2b52df8733211, type: 2}
  m_PrefabInternal: {fileID: 2045021853}
  serializedVersion: 5
  m_Component:
  - component: {fileID: 1754161571}
  - component: {fileID: 1754161573}
  - component: {fileID: 1754161572}
  m_Layer: 5
  m_Name: NavPanel
  m_TagString: Untagged
  m_Icon: {fileID: 0}
  m_NavMeshLayer: 0
  m_StaticEditorFlags: 0
  m_IsActive: 1
--- !u!224 &1754161571
RectTransform:
  m_ObjectHideFlags: 0
  m_PrefabParentObject: {fileID: 22426916, guid: bad1d536a0dd55c4c9e2b52df8733211,
    type: 2}
  m_PrefabInternal: {fileID: 2045021853}
  m_GameObject: {fileID: 1754161570}
  m_LocalRotation: {x: 0, y: 0, z: 0, w: 1}
  m_LocalPosition: {x: 0, y: 0, z: 0}
  m_LocalScale: {x: 1, y: 1, z: 1}
  m_Children:
  - {fileID: 171946737}
  - {fileID: 1153299782}
  - {fileID: 1114816370}
  m_Father: {fileID: 7564032}
  m_RootOrder: 2
  m_LocalEulerAnglesHint: {x: 0, y: 0, z: 0}
  m_AnchorMin: {x: 0.5, y: 0.5}
  m_AnchorMax: {x: 0.5, y: 0.5}
  m_AnchoredPosition: {x: 0, y: -185}
  m_SizeDelta: {x: 640, y: 106}
  m_Pivot: {x: 0.5, y: 0.5}
--- !u!114 &1754161572
MonoBehaviour:
  m_ObjectHideFlags: 0
  m_PrefabParentObject: {fileID: 11426914, guid: bad1d536a0dd55c4c9e2b52df8733211,
    type: 2}
  m_PrefabInternal: {fileID: 2045021853}
  m_GameObject: {fileID: 1754161570}
  m_Enabled: 1
  m_EditorHideFlags: 0
  m_Script: {fileID: -765806418, guid: f5f67c52d1564df4a8936ccd202a3bd8, type: 3}
  m_Name: 
  m_EditorClassIdentifier: 
  m_Material: {fileID: 0}
  m_Color: {r: 0.13235295, g: 0.13235295, b: 0.13235295, a: 1}
  m_RaycastTarget: 1
  m_OnCullStateChanged:
    m_PersistentCalls:
      m_Calls: []
    m_TypeName: UnityEngine.UI.MaskableGraphic+CullStateChangedEvent, UnityEngine.UI,
      Version=1.0.0.0, Culture=neutral, PublicKeyToken=null
  m_Sprite: {fileID: 21300000, guid: 7ed1238760b863f4aafde32ab3a6f28c, type: 3}
  m_Type: 1
  m_PreserveAspect: 0
  m_FillCenter: 1
  m_FillMethod: 4
  m_FillAmount: 1
  m_FillClockwise: 1
  m_FillOrigin: 0
--- !u!222 &1754161573
CanvasRenderer:
  m_ObjectHideFlags: 0
  m_PrefabParentObject: {fileID: 22226916, guid: bad1d536a0dd55c4c9e2b52df8733211,
    type: 2}
  m_PrefabInternal: {fileID: 2045021853}
  m_GameObject: {fileID: 1754161570}
--- !u!1 &1761661040
GameObject:
  m_ObjectHideFlags: 0
  m_PrefabParentObject: {fileID: 126906, guid: bad1d536a0dd55c4c9e2b52df8733211, type: 2}
  m_PrefabInternal: {fileID: 2045021853}
  serializedVersion: 5
  m_Component:
  - component: {fileID: 1761661041}
  - component: {fileID: 1761661043}
  - component: {fileID: 1761661042}
  m_Layer: 5
  m_Name: Line
  m_TagString: Untagged
  m_Icon: {fileID: 0}
  m_NavMeshLayer: 0
  m_StaticEditorFlags: 0
  m_IsActive: 1
--- !u!224 &1761661041
RectTransform:
  m_ObjectHideFlags: 0
  m_PrefabParentObject: {fileID: 22426906, guid: bad1d536a0dd55c4c9e2b52df8733211,
    type: 2}
  m_PrefabInternal: {fileID: 2045021853}
  m_GameObject: {fileID: 1761661040}
  m_LocalRotation: {x: 0, y: 0, z: 0, w: 1}
  m_LocalPosition: {x: 0, y: 0, z: 0}
  m_LocalScale: {x: 1, y: 1, z: 1}
  m_Children: []
  m_Father: {fileID: 1872733229}
  m_RootOrder: 2
  m_LocalEulerAnglesHint: {x: 0, y: 0, z: 0}
  m_AnchorMin: {x: 0.5, y: 0.5}
  m_AnchorMax: {x: 0.5, y: 0.5}
  m_AnchoredPosition: {x: -1, y: 0.000061035156}
  m_SizeDelta: {x: 640, y: 1}
  m_Pivot: {x: 0.5, y: 0.5}
--- !u!114 &1761661042
MonoBehaviour:
  m_ObjectHideFlags: 0
  m_PrefabParentObject: {fileID: 11426902, guid: bad1d536a0dd55c4c9e2b52df8733211,
    type: 2}
  m_PrefabInternal: {fileID: 2045021853}
  m_GameObject: {fileID: 1761661040}
  m_Enabled: 1
  m_EditorHideFlags: 0
  m_Script: {fileID: -765806418, guid: f5f67c52d1564df4a8936ccd202a3bd8, type: 3}
  m_Name: 
  m_EditorClassIdentifier: 
  m_Material: {fileID: 0}
  m_Color: {r: 1, g: 1, b: 1, a: 0.26666668}
  m_RaycastTarget: 1
  m_OnCullStateChanged:
    m_PersistentCalls:
      m_Calls: []
    m_TypeName: UnityEngine.UI.MaskableGraphic+CullStateChangedEvent, UnityEngine.UI,
      Version=1.0.0.0, Culture=neutral, PublicKeyToken=null
  m_Sprite: {fileID: 21300000, guid: 7ed1238760b863f4aafde32ab3a6f28c, type: 3}
  m_Type: 1
  m_PreserveAspect: 0
  m_FillCenter: 1
  m_FillMethod: 4
  m_FillAmount: 1
  m_FillClockwise: 1
  m_FillOrigin: 0
--- !u!222 &1761661043
CanvasRenderer:
  m_ObjectHideFlags: 0
  m_PrefabParentObject: {fileID: 22226906, guid: bad1d536a0dd55c4c9e2b52df8733211,
    type: 2}
  m_PrefabInternal: {fileID: 2045021853}
  m_GameObject: {fileID: 1761661040}
--- !u!1 &1872733228
GameObject:
  m_ObjectHideFlags: 0
  m_PrefabParentObject: {fileID: 126886, guid: bad1d536a0dd55c4c9e2b52df8733211, type: 2}
  m_PrefabInternal: {fileID: 2045021853}
  serializedVersion: 5
  m_Component:
  - component: {fileID: 1872733229}
  - component: {fileID: 1872733231}
  - component: {fileID: 1872733230}
  m_Layer: 5
  m_Name: Image
  m_TagString: Untagged
  m_Icon: {fileID: 0}
  m_NavMeshLayer: 0
  m_StaticEditorFlags: 0
  m_IsActive: 1
--- !u!224 &1872733229
RectTransform:
  m_ObjectHideFlags: 0
  m_PrefabParentObject: {fileID: 22426886, guid: bad1d536a0dd55c4c9e2b52df8733211,
    type: 2}
  m_PrefabInternal: {fileID: 2045021853}
  m_GameObject: {fileID: 1872733228}
  m_LocalRotation: {x: 0, y: 0, z: 0, w: 1}
  m_LocalPosition: {x: 0, y: 0, z: 0}
  m_LocalScale: {x: 1, y: 1, z: 1}
  m_Children:
  - {fileID: 953003770}
  - {fileID: 115680469}
  - {fileID: 1761661041}
  - {fileID: 1254340821}
  m_Father: {fileID: 7564032}
  m_RootOrder: 0
  m_LocalEulerAnglesHint: {x: 0, y: 0, z: 0}
  m_AnchorMin: {x: 0.5, y: 0.5}
  m_AnchorMax: {x: 0.5, y: 0.5}
  m_AnchoredPosition: {x: 0, y: 270.8999}
  m_SizeDelta: {x: 664, y: 988}
  m_Pivot: {x: 0.5, y: 0.5}
--- !u!114 &1872733230
MonoBehaviour:
  m_ObjectHideFlags: 0
  m_PrefabParentObject: {fileID: 11426868, guid: bad1d536a0dd55c4c9e2b52df8733211,
    type: 2}
  m_PrefabInternal: {fileID: 2045021853}
  m_GameObject: {fileID: 1872733228}
  m_Enabled: 1
  m_EditorHideFlags: 0
  m_Script: {fileID: -765806418, guid: f5f67c52d1564df4a8936ccd202a3bd8, type: 3}
  m_Name: 
  m_EditorClassIdentifier: 
  m_Material: {fileID: 0}
  m_Color: {r: 1, g: 1, b: 1, a: 1}
  m_RaycastTarget: 1
  m_OnCullStateChanged:
    m_PersistentCalls:
      m_Calls: []
    m_TypeName: UnityEngine.UI.MaskableGraphic+CullStateChangedEvent, UnityEngine.UI,
      Version=1.0.0.0, Culture=neutral, PublicKeyToken=null
  m_Sprite: {fileID: 21300000, guid: 4cfb71e2d176b461d9150cea41bc5b32, type: 3}
  m_Type: 0
  m_PreserveAspect: 1
  m_FillCenter: 1
  m_FillMethod: 4
  m_FillAmount: 1
  m_FillClockwise: 1
  m_FillOrigin: 0
--- !u!222 &1872733231
CanvasRenderer:
  m_ObjectHideFlags: 0
  m_PrefabParentObject: {fileID: 22226886, guid: bad1d536a0dd55c4c9e2b52df8733211,
    type: 2}
  m_PrefabInternal: {fileID: 2045021853}
  m_GameObject: {fileID: 1872733228}
--- !u!1 &2024499581
GameObject:
  m_ObjectHideFlags: 0
  m_PrefabParentObject: {fileID: 126892, guid: bad1d536a0dd55c4c9e2b52df8733211, type: 2}
  m_PrefabInternal: {fileID: 2045021853}
  serializedVersion: 5
  m_Component:
  - component: {fileID: 2024499582}
  - component: {fileID: 2024499585}
  - component: {fileID: 2024499584}
  - component: {fileID: 2024499583}
  m_Layer: 5
  m_Name: ButtonCamera
  m_TagString: Untagged
  m_Icon: {fileID: 0}
  m_NavMeshLayer: 0
  m_StaticEditorFlags: 0
  m_IsActive: 1
--- !u!224 &2024499582
RectTransform:
  m_ObjectHideFlags: 0
  m_PrefabParentObject: {fileID: 22426892, guid: bad1d536a0dd55c4c9e2b52df8733211,
    type: 2}
  m_PrefabInternal: {fileID: 2045021853}
  m_GameObject: {fileID: 2024499581}
  m_LocalRotation: {x: 0, y: 0, z: 0, w: 1}
  m_LocalPosition: {x: 0, y: 0, z: 0}
  m_LocalScale: {x: 1, y: 1, z: 1}
  m_Children: []
  m_Father: {fileID: 1104530424}
  m_RootOrder: 0
  m_LocalEulerAnglesHint: {x: 0, y: 0, z: 0}
  m_AnchorMin: {x: 0.5, y: 0.5}
  m_AnchorMax: {x: 0.5, y: 0.5}
  m_AnchoredPosition: {x: 0, y: 0}
  m_SizeDelta: {x: 149, y: 149}
  m_Pivot: {x: 0.5, y: 0.5}
--- !u!114 &2024499583
MonoBehaviour:
  m_ObjectHideFlags: 0
  m_PrefabParentObject: {fileID: 11426880, guid: bad1d536a0dd55c4c9e2b52df8733211,
    type: 2}
  m_PrefabInternal: {fileID: 2045021853}
  m_GameObject: {fileID: 2024499581}
  m_Enabled: 1
  m_EditorHideFlags: 0
  m_Script: {fileID: 1392445389, guid: f5f67c52d1564df4a8936ccd202a3bd8, type: 3}
  m_Name: 
  m_EditorClassIdentifier: 
  m_Navigation:
    m_Mode: 3
    m_SelectOnUp: {fileID: 0}
    m_SelectOnDown: {fileID: 0}
    m_SelectOnLeft: {fileID: 0}
    m_SelectOnRight: {fileID: 0}
  m_Transition: 1
  m_Colors:
    m_NormalColor: {r: 1, g: 1, b: 1, a: 1}
    m_HighlightedColor: {r: 0.9607843, g: 0.9607843, b: 0.9607843, a: 1}
    m_PressedColor: {r: 0.78431374, g: 0.78431374, b: 0.78431374, a: 1}
    m_DisabledColor: {r: 0.78431374, g: 0.78431374, b: 0.78431374, a: 0.5019608}
    m_ColorMultiplier: 1
    m_FadeDuration: 0.1
  m_SpriteState:
    m_HighlightedSprite: {fileID: 0}
    m_PressedSprite: {fileID: 0}
    m_DisabledSprite: {fileID: 0}
  m_AnimationTriggers:
    m_NormalTrigger: Normal
    m_HighlightedTrigger: Highlighted
    m_PressedTrigger: Pressed
    m_DisabledTrigger: Disabled
  m_Interactable: 1
  m_TargetGraphic: {fileID: 2024499584}
  m_OnClick:
    m_PersistentCalls:
      m_Calls: []
    m_TypeName: UnityEngine.UI.Button+ButtonClickedEvent, UnityEngine.UI, Version=1.0.0.0,
      Culture=neutral, PublicKeyToken=null
--- !u!114 &2024499584
MonoBehaviour:
  m_ObjectHideFlags: 0
  m_PrefabParentObject: {fileID: 11426878, guid: bad1d536a0dd55c4c9e2b52df8733211,
    type: 2}
  m_PrefabInternal: {fileID: 2045021853}
  m_GameObject: {fileID: 2024499581}
  m_Enabled: 1
  m_EditorHideFlags: 0
  m_Script: {fileID: -765806418, guid: f5f67c52d1564df4a8936ccd202a3bd8, type: 3}
  m_Name: 
  m_EditorClassIdentifier: 
  m_Material: {fileID: 0}
  m_Color: {r: 0.14705884, g: 0.6117648, b: 1, a: 1}
  m_RaycastTarget: 1
  m_OnCullStateChanged:
    m_PersistentCalls:
      m_Calls: []
    m_TypeName: UnityEngine.UI.MaskableGraphic+CullStateChangedEvent, UnityEngine.UI,
      Version=1.0.0.0, Culture=neutral, PublicKeyToken=null
  m_Sprite: {fileID: 21300000, guid: 86c50c842fc5e5548b6a6e876c645ee0, type: 3}
  m_Type: 0
  m_PreserveAspect: 0
  m_FillCenter: 1
  m_FillMethod: 4
  m_FillAmount: 1
  m_FillClockwise: 1
  m_FillOrigin: 0
--- !u!222 &2024499585
CanvasRenderer:
  m_ObjectHideFlags: 0
  m_PrefabParentObject: {fileID: 22226892, guid: bad1d536a0dd55c4c9e2b52df8733211,
    type: 2}
  m_PrefabInternal: {fileID: 2045021853}
  m_GameObject: {fileID: 2024499581}
--- !u!1001 &2045021853
Prefab:
  m_ObjectHideFlags: 0
  serializedVersion: 2
  m_Modification:
    m_TransformParent: {fileID: 0}
    m_Modifications:
    - target: {fileID: 22426884, guid: bad1d536a0dd55c4c9e2b52df8733211, type: 2}
      propertyPath: m_LocalPosition.x
      value: 0
      objectReference: {fileID: 0}
    - target: {fileID: 22426884, guid: bad1d536a0dd55c4c9e2b52df8733211, type: 2}
      propertyPath: m_LocalPosition.y
      value: 0
      objectReference: {fileID: 0}
    - target: {fileID: 22426884, guid: bad1d536a0dd55c4c9e2b52df8733211, type: 2}
      propertyPath: m_LocalPosition.z
      value: 0
      objectReference: {fileID: 0}
    - target: {fileID: 22426884, guid: bad1d536a0dd55c4c9e2b52df8733211, type: 2}
      propertyPath: m_LocalRotation.x
      value: 0
      objectReference: {fileID: 0}
    - target: {fileID: 22426884, guid: bad1d536a0dd55c4c9e2b52df8733211, type: 2}
      propertyPath: m_LocalRotation.y
      value: 0
      objectReference: {fileID: 0}
    - target: {fileID: 22426884, guid: bad1d536a0dd55c4c9e2b52df8733211, type: 2}
      propertyPath: m_LocalRotation.z
      value: 0
      objectReference: {fileID: 0}
    - target: {fileID: 22426884, guid: bad1d536a0dd55c4c9e2b52df8733211, type: 2}
      propertyPath: m_LocalRotation.w
      value: 1
      objectReference: {fileID: 0}
    - target: {fileID: 22426884, guid: bad1d536a0dd55c4c9e2b52df8733211, type: 2}
      propertyPath: m_RootOrder
      value: 0
      objectReference: {fileID: 0}
    - target: {fileID: 22426884, guid: bad1d536a0dd55c4c9e2b52df8733211, type: 2}
      propertyPath: m_AnchoredPosition.x
      value: 0
      objectReference: {fileID: 0}
    - target: {fileID: 22426884, guid: bad1d536a0dd55c4c9e2b52df8733211, type: 2}
      propertyPath: m_AnchoredPosition.y
      value: 0
      objectReference: {fileID: 0}
    - target: {fileID: 22426884, guid: bad1d536a0dd55c4c9e2b52df8733211, type: 2}
      propertyPath: m_SizeDelta.x
      value: 0
      objectReference: {fileID: 0}
    - target: {fileID: 22426884, guid: bad1d536a0dd55c4c9e2b52df8733211, type: 2}
      propertyPath: m_SizeDelta.y
      value: 0
      objectReference: {fileID: 0}
    - target: {fileID: 22426884, guid: bad1d536a0dd55c4c9e2b52df8733211, type: 2}
      propertyPath: m_AnchorMin.x
      value: 0
      objectReference: {fileID: 0}
    - target: {fileID: 22426884, guid: bad1d536a0dd55c4c9e2b52df8733211, type: 2}
      propertyPath: m_AnchorMin.y
      value: 0
      objectReference: {fileID: 0}
    - target: {fileID: 22426884, guid: bad1d536a0dd55c4c9e2b52df8733211, type: 2}
      propertyPath: m_AnchorMax.x
      value: 0
      objectReference: {fileID: 0}
    - target: {fileID: 22426884, guid: bad1d536a0dd55c4c9e2b52df8733211, type: 2}
      propertyPath: m_AnchorMax.y
      value: 0
      objectReference: {fileID: 0}
    - target: {fileID: 22426884, guid: bad1d536a0dd55c4c9e2b52df8733211, type: 2}
      propertyPath: m_Pivot.x
      value: 0
      objectReference: {fileID: 0}
    - target: {fileID: 22426884, guid: bad1d536a0dd55c4c9e2b52df8733211, type: 2}
      propertyPath: m_Pivot.y
      value: 0
      objectReference: {fileID: 0}
    m_RemovedComponents: []
  m_ParentPrefab: {fileID: 100100000, guid: bad1d536a0dd55c4c9e2b52df8733211, type: 2}
  m_RootGameObject: {fileID: 272217410}
  m_IsPrefabParent: 0
--- !u!1 &2062611661
GameObject:
  m_ObjectHideFlags: 0
  m_PrefabParentObject: {fileID: 126896, guid: bad1d536a0dd55c4c9e2b52df8733211, type: 2}
  m_PrefabInternal: {fileID: 2045021853}
  serializedVersion: 5
  m_Component:
  - component: {fileID: 2062611662}
  - component: {fileID: 2062611664}
  - component: {fileID: 2062611663}
  m_Layer: 5
  m_Name: AppTitle
  m_TagString: Untagged
  m_Icon: {fileID: 0}
  m_NavMeshLayer: 0
  m_StaticEditorFlags: 0
  m_IsActive: 1
--- !u!224 &2062611662
RectTransform:
  m_ObjectHideFlags: 0
  m_PrefabParentObject: {fileID: 22426896, guid: bad1d536a0dd55c4c9e2b52df8733211,
    type: 2}
  m_PrefabInternal: {fileID: 2045021853}
  m_GameObject: {fileID: 2062611661}
  m_LocalRotation: {x: 0, y: 0, z: 0, w: 1}
  m_LocalPosition: {x: 0, y: 0, z: 0}
  m_LocalScale: {x: 1, y: 1, z: 1}
  m_Children:
  - {fileID: 798965154}
  m_Father: {fileID: 272217415}
  m_RootOrder: 0
  m_LocalEulerAnglesHint: {x: 0, y: 0, z: 0}
  m_AnchorMin: {x: 0.5, y: 0.5}
  m_AnchorMax: {x: 0.5, y: 0.5}
  m_AnchoredPosition: {x: 28, y: 679}
  m_SizeDelta: {x: 695, y: 109}
  m_Pivot: {x: 0.5, y: 0.5}
--- !u!114 &2062611663
MonoBehaviour:
  m_ObjectHideFlags: 0
  m_PrefabParentObject: {fileID: 11426884, guid: bad1d536a0dd55c4c9e2b52df8733211,
    type: 2}
  m_PrefabInternal: {fileID: 2045021853}
  m_GameObject: {fileID: 2062611661}
  m_Enabled: 1
  m_EditorHideFlags: 0
  m_Script: {fileID: 708705254, guid: f5f67c52d1564df4a8936ccd202a3bd8, type: 3}
  m_Name: 
  m_EditorClassIdentifier: 
  m_Material: {fileID: 0}
  m_Color: {r: 0.85490197, g: 0.85490197, b: 0.85490197, a: 1}
  m_RaycastTarget: 1
  m_OnCullStateChanged:
    m_PersistentCalls:
      m_Calls: []
    m_TypeName: UnityEngine.UI.MaskableGraphic+CullStateChangedEvent, UnityEngine.UI,
      Version=1.0.0.0, Culture=neutral, PublicKeyToken=null
  m_FontData:
    m_Font: {fileID: 12800000, guid: 218956a5c2a6e42d6a60afccf80b002b, type: 3}
    m_FontSize: 100
    m_FontStyle: 0
    m_BestFit: 0
    m_MinSize: 10
    m_MaxSize: 100
    m_Alignment: 0
    m_AlignByGeometry: 0
    m_RichText: 1
    m_HorizontalOverflow: 0
    m_VerticalOverflow: 1
    m_LineSpacing: 1
  m_Text: 'CAMERA '
--- !u!222 &2062611664
CanvasRenderer:
  m_ObjectHideFlags: 0
  m_PrefabParentObject: {fileID: 22226896, guid: bad1d536a0dd55c4c9e2b52df8733211,
    type: 2}
  m_PrefabInternal: {fileID: 2045021853}
  m_GameObject: {fileID: 2062611661}
