%YAML 1.1
%TAG !u! tag:unity3d.com,2011:
--- !u!29 &1
OcclusionCullingSettings:
  m_ObjectHideFlags: 0
  serializedVersion: 2
  m_OcclusionBakeSettings:
    smallestOccluder: 5
    smallestHole: 0.25
    backfaceThreshold: 100
  m_SceneGUID: 00000000000000000000000000000000
  m_OcclusionCullingData: {fileID: 0}
--- !u!104 &2
RenderSettings:
  m_ObjectHideFlags: 0
  serializedVersion: 8
  m_Fog: 0
  m_FogColor: {r: 0.5, g: 0.5, b: 0.5, a: 1}
  m_FogMode: 3
  m_FogDensity: 0.01
  m_LinearFogStart: 0
  m_LinearFogEnd: 300
  m_AmbientSkyColor: {r: 0.212, g: 0.227, b: 0.259, a: 1}
  m_AmbientEquatorColor: {r: 0.114, g: 0.125, b: 0.133, a: 1}
  m_AmbientGroundColor: {r: 0.047, g: 0.043, b: 0.035, a: 1}
  m_AmbientIntensity: 1
  m_AmbientMode: 0
  m_SubtractiveShadowColor: {r: 0.42, g: 0.478, b: 0.627, a: 1}
  m_SkyboxMaterial: {fileID: 10304, guid: 0000000000000000f000000000000000, type: 0}
  m_HaloStrength: 0.5
  m_FlareStrength: 1
  m_FlareFadeSpeed: 3
  m_HaloTexture: {fileID: 0}
  m_SpotCookie: {fileID: 10001, guid: 0000000000000000e000000000000000, type: 0}
  m_DefaultReflectionMode: 0
  m_DefaultReflectionResolution: 128
  m_ReflectionBounces: 1
  m_ReflectionIntensity: 1
  m_CustomReflection: {fileID: 0}
  m_Sun: {fileID: 0}
  m_IndirectSpecularColor: {r: 0, g: 0, b: 0, a: 1}
--- !u!157 &4
LightmapSettings:
  m_ObjectHideFlags: 0
  serializedVersion: 11
  m_GIWorkflowMode: 0
  m_GISettings:
    serializedVersion: 2
    m_BounceScale: 1
    m_IndirectOutputScale: 1
    m_AlbedoBoost: 1
    m_TemporalCoherenceThreshold: 1
    m_EnvironmentLightingMode: 0
    m_EnableBakedLightmaps: 1
    m_EnableRealtimeLightmaps: 1
  m_LightmapEditorSettings:
    serializedVersion: 9
    m_Resolution: 2
    m_BakeResolution: 40
    m_TextureWidth: 1024
    m_TextureHeight: 1024
    m_AO: 0
    m_AOMaxDistance: 1
    m_CompAOExponent: 0
    m_CompAOExponentDirect: 0
    m_Padding: 2
    m_LightmapParameters: {fileID: 0}
    m_LightmapsBakeMode: 1
    m_TextureCompression: 1
    m_FinalGather: 0
    m_FinalGatherFiltering: 1
    m_FinalGatherRayCount: 1024
    m_ReflectionCompression: 2
    m_MixedBakeMode: 1
    m_BakeBackend: 0
    m_PVRSampling: 1
    m_PVRDirectSampleCount: 32
    m_PVRSampleCount: 500
    m_PVRBounces: 2
    m_PVRFilterTypeDirect: 0
    m_PVRFilterTypeIndirect: 0
    m_PVRFilterTypeAO: 0
    m_PVRFilteringMode: 0
    m_PVRCulling: 1
    m_PVRFilteringGaussRadiusDirect: 1
    m_PVRFilteringGaussRadiusIndirect: 5
    m_PVRFilteringGaussRadiusAO: 2
    m_PVRFilteringAtrousPositionSigmaDirect: 0.5
    m_PVRFilteringAtrousPositionSigmaIndirect: 2
    m_PVRFilteringAtrousPositionSigmaAO: 1
    m_ShowResolutionOverlay: 1
  m_LightingDataAsset: {fileID: 0}
  m_UseShadowmask: 0
--- !u!196 &5
NavMeshSettings:
  serializedVersion: 2
  m_ObjectHideFlags: 0
  m_BuildSettings:
    serializedVersion: 2
    agentTypeID: 0
    agentRadius: 0.5
    agentHeight: 2
    agentSlope: 45
    agentClimb: 0.4
    ledgeDropHeight: 0
    maxJumpAcrossDistance: 0
    minRegionArea: 2
    manualCellSize: 0
    cellSize: 0.16666667
    manualTileSize: 0
    tileSize: 256
    accuratePlacement: 0
    debug:
      m_Flags: 0
  m_NavMeshData: {fileID: 0}
--- !u!1 &83113311
GameObject:
  m_ObjectHideFlags: 0
  m_PrefabParentObject: {fileID: 173942, guid: f7aa52cd8aba85e48833af2b3340ae89, type: 2}
  m_PrefabInternal: {fileID: 145076106}
  serializedVersion: 5
  m_Component:
  - component: {fileID: 83113312}
  - component: {fileID: 83113315}
  - component: {fileID: 83113314}
  - component: {fileID: 83113313}
  m_Layer: 5
  m_Name: Button
  m_TagString: Untagged
  m_Icon: {fileID: 0}
  m_NavMeshLayer: 0
  m_StaticEditorFlags: 0
  m_IsActive: 1
--- !u!224 &83113312
RectTransform:
  m_ObjectHideFlags: 0
  m_PrefabParentObject: {fileID: 22473942, guid: f7aa52cd8aba85e48833af2b3340ae89,
    type: 2}
  m_PrefabInternal: {fileID: 145076106}
  m_GameObject: {fileID: 83113311}
  m_LocalRotation: {x: 0, y: 0, z: 0, w: 1}
  m_LocalPosition: {x: 0, y: 0, z: 0}
  m_LocalScale: {x: 1, y: 1, z: 1}
  m_Children: []
  m_Father: {fileID: 1457418062}
  m_RootOrder: 0
  m_LocalEulerAnglesHint: {x: 0, y: 0, z: 0}
  m_AnchorMin: {x: 0.5, y: 0.5}
  m_AnchorMax: {x: 0.5, y: 0.5}
  m_AnchoredPosition: {x: -280.1, y: 0}
  m_SizeDelta: {x: 26.8, y: 47.7}
  m_Pivot: {x: 0.5, y: 0.5}
--- !u!114 &83113313
MonoBehaviour:
  m_ObjectHideFlags: 0
  m_PrefabParentObject: {fileID: 11473958, guid: f7aa52cd8aba85e48833af2b3340ae89,
    type: 2}
  m_PrefabInternal: {fileID: 145076106}
  m_GameObject: {fileID: 83113311}
  m_Enabled: 1
  m_EditorHideFlags: 0
  m_Script: {fileID: 1392445389, guid: f5f67c52d1564df4a8936ccd202a3bd8, type: 3}
  m_Name: 
  m_EditorClassIdentifier: 
  m_Navigation:
    m_Mode: 3
    m_SelectOnUp: {fileID: 0}
    m_SelectOnDown: {fileID: 0}
    m_SelectOnLeft: {fileID: 0}
    m_SelectOnRight: {fileID: 0}
  m_Transition: 1
  m_Colors:
    m_NormalColor: {r: 1, g: 1, b: 1, a: 1}
    m_HighlightedColor: {r: 0.9607843, g: 0.9607843, b: 0.9607843, a: 1}
    m_PressedColor: {r: 0.78431374, g: 0.78431374, b: 0.78431374, a: 1}
    m_DisabledColor: {r: 0.78431374, g: 0.78431374, b: 0.78431374, a: 0.5019608}
    m_ColorMultiplier: 1
    m_FadeDuration: 0.1
  m_SpriteState:
    m_HighlightedSprite: {fileID: 0}
    m_PressedSprite: {fileID: 0}
    m_DisabledSprite: {fileID: 0}
  m_AnimationTriggers:
    m_NormalTrigger: Normal
    m_HighlightedTrigger: Highlighted
    m_PressedTrigger: Pressed
    m_DisabledTrigger: Disabled
  m_Interactable: 1
  m_TargetGraphic: {fileID: 83113314}
  m_OnClick:
    m_PersistentCalls:
      m_Calls: []
    m_TypeName: UnityEngine.UI.Button+ButtonClickedEvent, UnityEngine.UI, Version=1.0.0.0,
      Culture=neutral, PublicKeyToken=null
--- !u!114 &83113314
MonoBehaviour:
  m_ObjectHideFlags: 0
  m_PrefabParentObject: {fileID: 11473960, guid: f7aa52cd8aba85e48833af2b3340ae89,
    type: 2}
  m_PrefabInternal: {fileID: 145076106}
  m_GameObject: {fileID: 83113311}
  m_Enabled: 1
  m_EditorHideFlags: 0
  m_Script: {fileID: -765806418, guid: f5f67c52d1564df4a8936ccd202a3bd8, type: 3}
  m_Name: 
  m_EditorClassIdentifier: 
  m_Material: {fileID: 0}
  m_Color: {r: 0.18382353, g: 0.18382353, b: 0.18382353, a: 0.827451}
  m_RaycastTarget: 1
  m_OnCullStateChanged:
    m_PersistentCalls:
      m_Calls: []
    m_TypeName: UnityEngine.UI.MaskableGraphic+CullStateChangedEvent, UnityEngine.UI,
      Version=1.0.0.0, Culture=neutral, PublicKeyToken=null
  m_Sprite: {fileID: 21300000, guid: 808ccd6b57b92481eb8234406b711bd1, type: 3}
  m_Type: 0
  m_PreserveAspect: 0
  m_FillCenter: 1
  m_FillMethod: 4
  m_FillAmount: 1
  m_FillClockwise: 1
  m_FillOrigin: 0
--- !u!222 &83113315
CanvasRenderer:
  m_ObjectHideFlags: 0
  m_PrefabParentObject: {fileID: 22273940, guid: f7aa52cd8aba85e48833af2b3340ae89,
    type: 2}
  m_PrefabInternal: {fileID: 145076106}
  m_GameObject: {fileID: 83113311}
--- !u!1001 &145076106
Prefab:
  m_ObjectHideFlags: 0
  serializedVersion: 2
  m_Modification:
    m_TransformParent: {fileID: 0}
    m_Modifications:
    - target: {fileID: 22473906, guid: f7aa52cd8aba85e48833af2b3340ae89, type: 2}
      propertyPath: m_LocalPosition.x
      value: 0
      objectReference: {fileID: 0}
    - target: {fileID: 22473906, guid: f7aa52cd8aba85e48833af2b3340ae89, type: 2}
      propertyPath: m_LocalPosition.y
      value: 0
      objectReference: {fileID: 0}
    - target: {fileID: 22473906, guid: f7aa52cd8aba85e48833af2b3340ae89, type: 2}
      propertyPath: m_LocalPosition.z
      value: 0
      objectReference: {fileID: 0}
    - target: {fileID: 22473906, guid: f7aa52cd8aba85e48833af2b3340ae89, type: 2}
      propertyPath: m_LocalRotation.x
      value: 0
      objectReference: {fileID: 0}
    - target: {fileID: 22473906, guid: f7aa52cd8aba85e48833af2b3340ae89, type: 2}
      propertyPath: m_LocalRotation.y
      value: 0
      objectReference: {fileID: 0}
    - target: {fileID: 22473906, guid: f7aa52cd8aba85e48833af2b3340ae89, type: 2}
      propertyPath: m_LocalRotation.z
      value: 0
      objectReference: {fileID: 0}
    - target: {fileID: 22473906, guid: f7aa52cd8aba85e48833af2b3340ae89, type: 2}
      propertyPath: m_LocalRotation.w
      value: 1
      objectReference: {fileID: 0}
    - target: {fileID: 22473906, guid: f7aa52cd8aba85e48833af2b3340ae89, type: 2}
      propertyPath: m_RootOrder
      value: 0
      objectReference: {fileID: 0}
    - target: {fileID: 22473906, guid: f7aa52cd8aba85e48833af2b3340ae89, type: 2}
      propertyPath: m_AnchoredPosition.x
      value: 0
      objectReference: {fileID: 0}
    - target: {fileID: 22473906, guid: f7aa52cd8aba85e48833af2b3340ae89, type: 2}
      propertyPath: m_AnchoredPosition.y
      value: 0
      objectReference: {fileID: 0}
    - target: {fileID: 22473906, guid: f7aa52cd8aba85e48833af2b3340ae89, type: 2}
      propertyPath: m_SizeDelta.x
      value: 0
      objectReference: {fileID: 0}
    - target: {fileID: 22473906, guid: f7aa52cd8aba85e48833af2b3340ae89, type: 2}
      propertyPath: m_SizeDelta.y
      value: 0
      objectReference: {fileID: 0}
    - target: {fileID: 22473906, guid: f7aa52cd8aba85e48833af2b3340ae89, type: 2}
      propertyPath: m_AnchorMin.x
      value: 0
      objectReference: {fileID: 0}
    - target: {fileID: 22473906, guid: f7aa52cd8aba85e48833af2b3340ae89, type: 2}
      propertyPath: m_AnchorMin.y
      value: 0
      objectReference: {fileID: 0}
    - target: {fileID: 22473906, guid: f7aa52cd8aba85e48833af2b3340ae89, type: 2}
      propertyPath: m_AnchorMax.x
      value: 0
      objectReference: {fileID: 0}
    - target: {fileID: 22473906, guid: f7aa52cd8aba85e48833af2b3340ae89, type: 2}
      propertyPath: m_AnchorMax.y
      value: 0
      objectReference: {fileID: 0}
    - target: {fileID: 22473906, guid: f7aa52cd8aba85e48833af2b3340ae89, type: 2}
      propertyPath: m_Pivot.x
      value: 0
      objectReference: {fileID: 0}
    - target: {fileID: 22473906, guid: f7aa52cd8aba85e48833af2b3340ae89, type: 2}
      propertyPath: m_Pivot.y
      value: 0
      objectReference: {fileID: 0}
    m_RemovedComponents: []
  m_ParentPrefab: {fileID: 100100000, guid: f7aa52cd8aba85e48833af2b3340ae89, type: 2}
  m_RootGameObject: {fileID: 1343820308}
  m_IsPrefabParent: 0
--- !u!1 &154943144
GameObject:
  m_ObjectHideFlags: 0
  m_PrefabParentObject: {fileID: 173916, guid: f7aa52cd8aba85e48833af2b3340ae89, type: 2}
  m_PrefabInternal: {fileID: 145076106}
  serializedVersion: 5
  m_Component:
  - component: {fileID: 154943145}
  - component: {fileID: 154943147}
  - component: {fileID: 154943146}
  m_Layer: 5
  m_Name: Text
  m_TagString: Untagged
  m_Icon: {fileID: 0}
  m_NavMeshLayer: 0
  m_StaticEditorFlags: 0
  m_IsActive: 1
--- !u!224 &154943145
RectTransform:
  m_ObjectHideFlags: 0
  m_PrefabParentObject: {fileID: 22473916, guid: f7aa52cd8aba85e48833af2b3340ae89,
    type: 2}
  m_PrefabInternal: {fileID: 145076106}
  m_GameObject: {fileID: 154943144}
  m_LocalRotation: {x: 0, y: 0, z: 0, w: 1}
  m_LocalPosition: {x: 0, y: 0, z: 0}
  m_LocalScale: {x: 1, y: 1, z: 1}
  m_Children: []
  m_Father: {fileID: 1892219890}
  m_RootOrder: 2
  m_LocalEulerAnglesHint: {x: 0, y: 0, z: 0}
  m_AnchorMin: {x: 0.5, y: 0.5}
  m_AnchorMax: {x: 0.5, y: 0.5}
  m_AnchoredPosition: {x: -142.7, y: 0}
  m_SizeDelta: {x: 34.9, y: 30}
  m_Pivot: {x: 0.5, y: 0.5}
--- !u!114 &154943146
MonoBehaviour:
  m_ObjectHideFlags: 0
  m_PrefabParentObject: {fileID: 11473922, guid: f7aa52cd8aba85e48833af2b3340ae89,
    type: 2}
  m_PrefabInternal: {fileID: 145076106}
  m_GameObject: {fileID: 154943144}
  m_Enabled: 1
  m_EditorHideFlags: 0
  m_Script: {fileID: 708705254, guid: f5f67c52d1564df4a8936ccd202a3bd8, type: 3}
  m_Name: 
  m_EditorClassIdentifier: 
  m_Material: {fileID: 0}
  m_Color: {r: 0.10980392, g: 0.10980392, b: 0.10980392, a: 0.627451}
  m_RaycastTarget: 1
  m_OnCullStateChanged:
    m_PersistentCalls:
      m_Calls: []
    m_TypeName: UnityEngine.UI.MaskableGraphic+CullStateChangedEvent, UnityEngine.UI,
      Version=1.0.0.0, Culture=neutral, PublicKeyToken=null
  m_FontData:
    m_Font: {fileID: 12800000, guid: 218956a5c2a6e42d6a60afccf80b002b, type: 3}
    m_FontSize: 20
    m_FontStyle: 0
    m_BestFit: 0
    m_MinSize: 10
    m_MaxSize: 40
    m_Alignment: 3
    m_AlignByGeometry: 0
    m_RichText: 1
    m_HorizontalOverflow: 0
    m_VerticalOverflow: 0
    m_LineSpacing: 1
  m_Text: HDR
--- !u!222 &154943147
CanvasRenderer:
  m_ObjectHideFlags: 0
  m_PrefabParentObject: {fileID: 22273914, guid: f7aa52cd8aba85e48833af2b3340ae89,
    type: 2}
  m_PrefabInternal: {fileID: 145076106}
  m_GameObject: {fileID: 154943144}
--- !u!1 &166692655
GameObject:
  m_ObjectHideFlags: 0
  m_PrefabParentObject: {fileID: 173932, guid: f7aa52cd8aba85e48833af2b3340ae89, type: 2}
  m_PrefabInternal: {fileID: 145076106}
  serializedVersion: 5
  m_Component:
  - component: {fileID: 166692656}
  - component: {fileID: 166692659}
  - component: {fileID: 166692658}
  - component: {fileID: 166692657}
  m_Layer: 5
  m_Name: Button
  m_TagString: Untagged
  m_Icon: {fileID: 0}
  m_NavMeshLayer: 0
  m_StaticEditorFlags: 0
  m_IsActive: 1
--- !u!224 &166692656
RectTransform:
  m_ObjectHideFlags: 0
  m_PrefabParentObject: {fileID: 22473932, guid: f7aa52cd8aba85e48833af2b3340ae89,
    type: 2}
  m_PrefabInternal: {fileID: 145076106}
  m_GameObject: {fileID: 166692655}
  m_LocalRotation: {x: 0, y: 0, z: 0, w: 1}
  m_LocalPosition: {x: 0, y: 0, z: 0}
  m_LocalScale: {x: 1, y: 1, z: 1}
  m_Children: []
  m_Father: {fileID: 1892219890}
  m_RootOrder: 5
  m_LocalEulerAnglesHint: {x: 0, y: 0, z: 0}
  m_AnchorMin: {x: 0.5, y: 0.5}
  m_AnchorMax: {x: 0.5, y: 0.5}
  m_AnchoredPosition: {x: 283, y: 0}
  m_SizeDelta: {x: 21, y: 33.5}
  m_Pivot: {x: 0.5, y: 0.5}
--- !u!114 &166692657
MonoBehaviour:
  m_ObjectHideFlags: 0
  m_PrefabParentObject: {fileID: 11473942, guid: f7aa52cd8aba85e48833af2b3340ae89,
    type: 2}
  m_PrefabInternal: {fileID: 145076106}
  m_GameObject: {fileID: 166692655}
  m_Enabled: 1
  m_EditorHideFlags: 0
  m_Script: {fileID: 1392445389, guid: f5f67c52d1564df4a8936ccd202a3bd8, type: 3}
  m_Name: 
  m_EditorClassIdentifier: 
  m_Navigation:
    m_Mode: 3
    m_SelectOnUp: {fileID: 0}
    m_SelectOnDown: {fileID: 0}
    m_SelectOnLeft: {fileID: 0}
    m_SelectOnRight: {fileID: 0}
  m_Transition: 1
  m_Colors:
    m_NormalColor: {r: 1, g: 1, b: 1, a: 1}
    m_HighlightedColor: {r: 0.9607843, g: 0.9607843, b: 0.9607843, a: 1}
    m_PressedColor: {r: 0.78431374, g: 0.78431374, b: 0.78431374, a: 1}
    m_DisabledColor: {r: 0.78431374, g: 0.78431374, b: 0.78431374, a: 0.5019608}
    m_ColorMultiplier: 1
    m_FadeDuration: 0.1
  m_SpriteState:
    m_HighlightedSprite: {fileID: 0}
    m_PressedSprite: {fileID: 0}
    m_DisabledSprite: {fileID: 0}
  m_AnimationTriggers:
    m_NormalTrigger: Normal
    m_HighlightedTrigger: Highlighted
    m_PressedTrigger: Pressed
    m_DisabledTrigger: Disabled
  m_Interactable: 1
  m_TargetGraphic: {fileID: 166692658}
  m_OnClick:
    m_PersistentCalls:
      m_Calls: []
    m_TypeName: UnityEngine.UI.Button+ButtonClickedEvent, UnityEngine.UI, Version=1.0.0.0,
      Culture=neutral, PublicKeyToken=null
--- !u!114 &166692658
MonoBehaviour:
  m_ObjectHideFlags: 0
  m_PrefabParentObject: {fileID: 11473944, guid: f7aa52cd8aba85e48833af2b3340ae89,
    type: 2}
  m_PrefabInternal: {fileID: 145076106}
  m_GameObject: {fileID: 166692655}
  m_Enabled: 1
  m_EditorHideFlags: 0
  m_Script: {fileID: -765806418, guid: f5f67c52d1564df4a8936ccd202a3bd8, type: 3}
  m_Name: 
  m_EditorClassIdentifier: 
  m_Material: {fileID: 0}
  m_Color: {r: 0.18382353, g: 0.18382353, b: 0.18382353, a: 0.827451}
  m_RaycastTarget: 1
  m_OnCullStateChanged:
    m_PersistentCalls:
      m_Calls: []
    m_TypeName: UnityEngine.UI.MaskableGraphic+CullStateChangedEvent, UnityEngine.UI,
      Version=1.0.0.0, Culture=neutral, PublicKeyToken=null
  m_Sprite: {fileID: 21300000, guid: a9b452f1fd81142db932ced9b46be45e, type: 3}
  m_Type: 0
  m_PreserveAspect: 0
  m_FillCenter: 1
  m_FillMethod: 4
  m_FillAmount: 1
  m_FillClockwise: 1
  m_FillOrigin: 0
--- !u!222 &166692659
CanvasRenderer:
  m_ObjectHideFlags: 0
  m_PrefabParentObject: {fileID: 22273930, guid: f7aa52cd8aba85e48833af2b3340ae89,
    type: 2}
  m_PrefabInternal: {fileID: 145076106}
  m_GameObject: {fileID: 166692655}
--- !u!1 &387614275
GameObject:
  m_ObjectHideFlags: 0
  m_PrefabParentObject: {fileID: 173944, guid: f7aa52cd8aba85e48833af2b3340ae89, type: 2}
  m_PrefabInternal: {fileID: 145076106}
  serializedVersion: 5
  m_Component:
  - component: {fileID: 387614276}
  - component: {fileID: 387614278}
  - component: {fileID: 387614277}
  m_Layer: 5
  m_Name: Button
  m_TagString: Untagged
  m_Icon: {fileID: 0}
  m_NavMeshLayer: 0
  m_StaticEditorFlags: 0
  m_IsActive: 1
--- !u!224 &387614276
RectTransform:
  m_ObjectHideFlags: 0
  m_PrefabParentObject: {fileID: 22473944, guid: f7aa52cd8aba85e48833af2b3340ae89,
    type: 2}
  m_PrefabInternal: {fileID: 145076106}
  m_GameObject: {fileID: 387614275}
  m_LocalRotation: {x: 0, y: 0, z: 0, w: 1}
  m_LocalPosition: {x: 0, y: 0, z: 0}
  m_LocalScale: {x: 1, y: 1, z: 1}
  m_Children:
  - {fileID: 1096659438}
  m_Father: {fileID: 1533983757}
  m_RootOrder: 5
  m_LocalEulerAnglesHint: {x: 0, y: 0, z: 0}
  m_AnchorMin: {x: 0.5, y: 0.5}
  m_AnchorMax: {x: 0.5, y: 0.5}
  m_AnchoredPosition: {x: 2, y: -931}
  m_SizeDelta: {x: 512, y: 186}
  m_Pivot: {x: 0.5, y: 0.5}
--- !u!114 &387614277
MonoBehaviour:
  m_ObjectHideFlags: 0
  m_PrefabParentObject: {fileID: 11473962, guid: f7aa52cd8aba85e48833af2b3340ae89,
    type: 2}
  m_PrefabInternal: {fileID: 145076106}
  m_GameObject: {fileID: 387614275}
  m_Enabled: 1
  m_EditorHideFlags: 0
  m_Script: {fileID: -765806418, guid: f5f67c52d1564df4a8936ccd202a3bd8, type: 3}
  m_Name: 
  m_EditorClassIdentifier: 
  m_Material: {fileID: 0}
  m_Color: {r: 0.1102941, g: 0.1102941, b: 0.1102941, a: 0.94509804}
  m_RaycastTarget: 1
  m_OnCullStateChanged:
    m_PersistentCalls:
      m_Calls: []
    m_TypeName: UnityEngine.UI.MaskableGraphic+CullStateChangedEvent, UnityEngine.UI,
      Version=1.0.0.0, Culture=neutral, PublicKeyToken=null
  m_Sprite: {fileID: 21300000, guid: 7ed1238760b863f4aafde32ab3a6f28c, type: 3}
  m_Type: 1
  m_PreserveAspect: 0
  m_FillCenter: 1
  m_FillMethod: 4
  m_FillAmount: 1
  m_FillClockwise: 1
  m_FillOrigin: 0
--- !u!222 &387614278
CanvasRenderer:
  m_ObjectHideFlags: 0
  m_PrefabParentObject: {fileID: 22273942, guid: f7aa52cd8aba85e48833af2b3340ae89,
    type: 2}
  m_PrefabInternal: {fileID: 145076106}
  m_GameObject: {fileID: 387614275}
--- !u!1 &417940030
GameObject:
  m_ObjectHideFlags: 0
  m_PrefabParentObject: {fileID: 173940, guid: f7aa52cd8aba85e48833af2b3340ae89, type: 2}
  m_PrefabInternal: {fileID: 145076106}
  serializedVersion: 5
  m_Component:
  - component: {fileID: 417940031}
  - component: {fileID: 417940034}
  - component: {fileID: 417940033}
  - component: {fileID: 417940032}
  m_Layer: 5
  m_Name: Button
  m_TagString: Untagged
  m_Icon: {fileID: 0}
  m_NavMeshLayer: 0
  m_StaticEditorFlags: 0
  m_IsActive: 1
--- !u!224 &417940031
RectTransform:
  m_ObjectHideFlags: 0
  m_PrefabParentObject: {fileID: 22473940, guid: f7aa52cd8aba85e48833af2b3340ae89,
    type: 2}
  m_PrefabInternal: {fileID: 145076106}
  m_GameObject: {fileID: 417940030}
  m_LocalRotation: {x: 0, y: 0, z: 0, w: 1}
  m_LocalPosition: {x: 0, y: 0, z: 0}
  m_LocalScale: {x: 1, y: 1, z: 1}
  m_Children: []
  m_Father: {fileID: 1457418062}
  m_RootOrder: 3
  m_LocalEulerAnglesHint: {x: 0, y: 0, z: 0}
  m_AnchorMin: {x: 0.5, y: 0.5}
  m_AnchorMax: {x: 0.5, y: 0.5}
  m_AnchoredPosition: {x: 0, y: 0}
  m_SizeDelta: {x: 35.4, y: 35.4}
  m_Pivot: {x: 0.5, y: 0.5}
--- !u!114 &417940032
MonoBehaviour:
  m_ObjectHideFlags: 0
  m_PrefabParentObject: {fileID: 11473954, guid: f7aa52cd8aba85e48833af2b3340ae89,
    type: 2}
  m_PrefabInternal: {fileID: 145076106}
  m_GameObject: {fileID: 417940030}
  m_Enabled: 1
  m_EditorHideFlags: 0
  m_Script: {fileID: 1392445389, guid: f5f67c52d1564df4a8936ccd202a3bd8, type: 3}
  m_Name: 
  m_EditorClassIdentifier: 
  m_Navigation:
    m_Mode: 3
    m_SelectOnUp: {fileID: 0}
    m_SelectOnDown: {fileID: 0}
    m_SelectOnLeft: {fileID: 0}
    m_SelectOnRight: {fileID: 0}
  m_Transition: 1
  m_Colors:
    m_NormalColor: {r: 1, g: 1, b: 1, a: 1}
    m_HighlightedColor: {r: 0.9607843, g: 0.9607843, b: 0.9607843, a: 1}
    m_PressedColor: {r: 0.78431374, g: 0.78431374, b: 0.78431374, a: 1}
    m_DisabledColor: {r: 0.78431374, g: 0.78431374, b: 0.78431374, a: 0.5019608}
    m_ColorMultiplier: 1
    m_FadeDuration: 0.1
  m_SpriteState:
    m_HighlightedSprite: {fileID: 0}
    m_PressedSprite: {fileID: 0}
    m_DisabledSprite: {fileID: 0}
  m_AnimationTriggers:
    m_NormalTrigger: Normal
    m_HighlightedTrigger: Highlighted
    m_PressedTrigger: Pressed
    m_DisabledTrigger: Disabled
  m_Interactable: 1
  m_TargetGraphic: {fileID: 417940033}
  m_OnClick:
    m_PersistentCalls:
      m_Calls: []
    m_TypeName: UnityEngine.UI.Button+ButtonClickedEvent, UnityEngine.UI, Version=1.0.0.0,
      Culture=neutral, PublicKeyToken=null
--- !u!114 &417940033
MonoBehaviour:
  m_ObjectHideFlags: 0
  m_PrefabParentObject: {fileID: 11473956, guid: f7aa52cd8aba85e48833af2b3340ae89,
    type: 2}
  m_PrefabInternal: {fileID: 145076106}
  m_GameObject: {fileID: 417940030}
  m_Enabled: 1
  m_EditorHideFlags: 0
  m_Script: {fileID: -765806418, guid: f5f67c52d1564df4a8936ccd202a3bd8, type: 3}
  m_Name: 
  m_EditorClassIdentifier: 
  m_Material: {fileID: 0}
  m_Color: {r: 0.18382353, g: 0.18382353, b: 0.18382353, a: 0.827451}
  m_RaycastTarget: 1
  m_OnCullStateChanged:
    m_PersistentCalls:
      m_Calls: []
    m_TypeName: UnityEngine.UI.MaskableGraphic+CullStateChangedEvent, UnityEngine.UI,
      Version=1.0.0.0, Culture=neutral, PublicKeyToken=null
  m_Sprite: {fileID: 21300000, guid: 048f2aeaa99de46f19396a5574dfe330, type: 3}
  m_Type: 0
  m_PreserveAspect: 0
  m_FillCenter: 1
  m_FillMethod: 4
  m_FillAmount: 1
  m_FillClockwise: 1
  m_FillOrigin: 0
--- !u!222 &417940034
CanvasRenderer:
  m_ObjectHideFlags: 0
  m_PrefabParentObject: {fileID: 22273938, guid: f7aa52cd8aba85e48833af2b3340ae89,
    type: 2}
  m_PrefabInternal: {fileID: 145076106}
  m_GameObject: {fileID: 417940030}
--- !u!1 &473961106
GameObject:
  m_ObjectHideFlags: 0
  m_PrefabParentObject: {fileID: 173926, guid: f7aa52cd8aba85e48833af2b3340ae89, type: 2}
  m_PrefabInternal: {fileID: 145076106}
  serializedVersion: 5
  m_Component:
  - component: {fileID: 473961107}
  - component: {fileID: 473961110}
  - component: {fileID: 473961109}
  - component: {fileID: 473961108}
  m_Layer: 5
  m_Name: Button
  m_TagString: Untagged
  m_Icon: {fileID: 0}
  m_NavMeshLayer: 0
  m_StaticEditorFlags: 0
  m_IsActive: 1
--- !u!224 &473961107
RectTransform:
  m_ObjectHideFlags: 0
  m_PrefabParentObject: {fileID: 22473926, guid: f7aa52cd8aba85e48833af2b3340ae89,
    type: 2}
  m_PrefabInternal: {fileID: 145076106}
  m_GameObject: {fileID: 473961106}
  m_LocalRotation: {x: 0, y: 0, z: 0, w: 1}
  m_LocalPosition: {x: 0, y: 0, z: 0}
  m_LocalScale: {x: 1, y: 1, z: 1}
  m_Children: []
  m_Father: {fileID: 1457418062}
  m_RootOrder: 2
  m_LocalEulerAnglesHint: {x: 0, y: 0, z: 0}
  m_AnchorMin: {x: 0.5, y: 0.5}
  m_AnchorMax: {x: 0.5, y: 0.5}
  m_AnchoredPosition: {x: 273.6, y: 0.0000007748604}
  m_SizeDelta: {x: 40, y: 34.012}
  m_Pivot: {x: 0.5, y: 0.5}
--- !u!114 &473961108
MonoBehaviour:
  m_ObjectHideFlags: 0
  m_PrefabParentObject: {fileID: 11473934, guid: f7aa52cd8aba85e48833af2b3340ae89,
    type: 2}
  m_PrefabInternal: {fileID: 145076106}
  m_GameObject: {fileID: 473961106}
  m_Enabled: 1
  m_EditorHideFlags: 0
  m_Script: {fileID: 1392445389, guid: f5f67c52d1564df4a8936ccd202a3bd8, type: 3}
  m_Name: 
  m_EditorClassIdentifier: 
  m_Navigation:
    m_Mode: 3
    m_SelectOnUp: {fileID: 0}
    m_SelectOnDown: {fileID: 0}
    m_SelectOnLeft: {fileID: 0}
    m_SelectOnRight: {fileID: 0}
  m_Transition: 1
  m_Colors:
    m_NormalColor: {r: 1, g: 1, b: 1, a: 1}
    m_HighlightedColor: {r: 0.9607843, g: 0.9607843, b: 0.9607843, a: 1}
    m_PressedColor: {r: 0.78431374, g: 0.78431374, b: 0.78431374, a: 1}
    m_DisabledColor: {r: 0.78431374, g: 0.78431374, b: 0.78431374, a: 0.5019608}
    m_ColorMultiplier: 1
    m_FadeDuration: 0.1
  m_SpriteState:
    m_HighlightedSprite: {fileID: 0}
    m_PressedSprite: {fileID: 0}
    m_DisabledSprite: {fileID: 0}
  m_AnimationTriggers:
    m_NormalTrigger: Normal
    m_HighlightedTrigger: Highlighted
    m_PressedTrigger: Pressed
    m_DisabledTrigger: Disabled
  m_Interactable: 1
  m_TargetGraphic: {fileID: 473961109}
  m_OnClick:
    m_PersistentCalls:
      m_Calls: []
    m_TypeName: UnityEngine.UI.Button+ButtonClickedEvent, UnityEngine.UI, Version=1.0.0.0,
      Culture=neutral, PublicKeyToken=null
--- !u!114 &473961109
MonoBehaviour:
  m_ObjectHideFlags: 0
  m_PrefabParentObject: {fileID: 11473936, guid: f7aa52cd8aba85e48833af2b3340ae89,
    type: 2}
  m_PrefabInternal: {fileID: 145076106}
  m_GameObject: {fileID: 473961106}
  m_Enabled: 1
  m_EditorHideFlags: 0
  m_Script: {fileID: -765806418, guid: f5f67c52d1564df4a8936ccd202a3bd8, type: 3}
  m_Name: 
  m_EditorClassIdentifier: 
  m_Material: {fileID: 0}
  m_Color: {r: 0.18382353, g: 0.18382353, b: 0.18382353, a: 0.827451}
  m_RaycastTarget: 1
  m_OnCullStateChanged:
    m_PersistentCalls:
      m_Calls: []
    m_TypeName: UnityEngine.UI.MaskableGraphic+CullStateChangedEvent, UnityEngine.UI,
      Version=1.0.0.0, Culture=neutral, PublicKeyToken=null
  m_Sprite: {fileID: 21300000, guid: 8fa6c013eb48a4ee1a581ae0c6921a3a, type: 3}
  m_Type: 0
  m_PreserveAspect: 0
  m_FillCenter: 1
  m_FillMethod: 4
  m_FillAmount: 1
  m_FillClockwise: 1
  m_FillOrigin: 0
--- !u!222 &473961110
CanvasRenderer:
  m_ObjectHideFlags: 0
  m_PrefabParentObject: {fileID: 22273924, guid: f7aa52cd8aba85e48833af2b3340ae89,
    type: 2}
  m_PrefabInternal: {fileID: 145076106}
  m_GameObject: {fileID: 473961106}
--- !u!1 &542244160
GameObject:
  m_ObjectHideFlags: 0
  m_PrefabParentObject: {fileID: 173936, guid: f7aa52cd8aba85e48833af2b3340ae89, type: 2}
  m_PrefabInternal: {fileID: 145076106}
  serializedVersion: 5
  m_Component:
  - component: {fileID: 542244161}
  - component: {fileID: 542244164}
  - component: {fileID: 542244163}
  - component: {fileID: 542244162}
  m_Layer: 5
  m_Name: Button
  m_TagString: Untagged
  m_Icon: {fileID: 0}
  m_NavMeshLayer: 0
  m_StaticEditorFlags: 0
  m_IsActive: 1
--- !u!224 &542244161
RectTransform:
  m_ObjectHideFlags: 0
  m_PrefabParentObject: {fileID: 22473936, guid: f7aa52cd8aba85e48833af2b3340ae89,
    type: 2}
  m_PrefabInternal: {fileID: 145076106}
  m_GameObject: {fileID: 542244160}
  m_LocalRotation: {x: 0, y: 0, z: 0, w: 1}
  m_LocalPosition: {x: 0, y: 0, z: 0}
  m_LocalScale: {x: 1, y: 1, z: 1}
  m_Children: []
  m_Father: {fileID: 1892219890}
  m_RootOrder: 0
  m_LocalEulerAnglesHint: {x: 0, y: 0, z: 0}
  m_AnchorMin: {x: 0.5, y: 0.5}
  m_AnchorMax: {x: 0.5, y: 0.5}
  m_AnchoredPosition: {x: -292, y: 0}
  m_SizeDelta: {x: 41, y: 40.758}
  m_Pivot: {x: 0.5, y: 0.5}
--- !u!114 &542244162
MonoBehaviour:
  m_ObjectHideFlags: 0
  m_PrefabParentObject: {fileID: 11473948, guid: f7aa52cd8aba85e48833af2b3340ae89,
    type: 2}
  m_PrefabInternal: {fileID: 145076106}
  m_GameObject: {fileID: 542244160}
  m_Enabled: 1
  m_EditorHideFlags: 0
  m_Script: {fileID: 1392445389, guid: f5f67c52d1564df4a8936ccd202a3bd8, type: 3}
  m_Name: 
  m_EditorClassIdentifier: 
  m_Navigation:
    m_Mode: 3
    m_SelectOnUp: {fileID: 0}
    m_SelectOnDown: {fileID: 0}
    m_SelectOnLeft: {fileID: 0}
    m_SelectOnRight: {fileID: 0}
  m_Transition: 1
  m_Colors:
    m_NormalColor: {r: 1, g: 1, b: 1, a: 1}
    m_HighlightedColor: {r: 0.9607843, g: 0.9607843, b: 0.9607843, a: 1}
    m_PressedColor: {r: 0.78431374, g: 0.78431374, b: 0.78431374, a: 1}
    m_DisabledColor: {r: 0.78431374, g: 0.78431374, b: 0.78431374, a: 0.5019608}
    m_ColorMultiplier: 1
    m_FadeDuration: 0.1
  m_SpriteState:
    m_HighlightedSprite: {fileID: 0}
    m_PressedSprite: {fileID: 0}
    m_DisabledSprite: {fileID: 0}
  m_AnimationTriggers:
    m_NormalTrigger: Normal
    m_HighlightedTrigger: Highlighted
    m_PressedTrigger: Pressed
    m_DisabledTrigger: Disabled
  m_Interactable: 1
  m_TargetGraphic: {fileID: 542244163}
  m_OnClick:
    m_PersistentCalls:
      m_Calls: []
    m_TypeName: UnityEngine.UI.Button+ButtonClickedEvent, UnityEngine.UI, Version=1.0.0.0,
      Culture=neutral, PublicKeyToken=null
--- !u!114 &542244163
MonoBehaviour:
  m_ObjectHideFlags: 0
  m_PrefabParentObject: {fileID: 11473950, guid: f7aa52cd8aba85e48833af2b3340ae89,
    type: 2}
  m_PrefabInternal: {fileID: 145076106}
  m_GameObject: {fileID: 542244160}
  m_Enabled: 1
  m_EditorHideFlags: 0
  m_Script: {fileID: -765806418, guid: f5f67c52d1564df4a8936ccd202a3bd8, type: 3}
  m_Name: 
  m_EditorClassIdentifier: 
  m_Material: {fileID: 0}
  m_Color: {r: 0.18382353, g: 0.18382353, b: 0.18382353, a: 0.827451}
  m_RaycastTarget: 1
  m_OnCullStateChanged:
    m_PersistentCalls:
      m_Calls: []
    m_TypeName: UnityEngine.UI.MaskableGraphic+CullStateChangedEvent, UnityEngine.UI,
      Version=1.0.0.0, Culture=neutral, PublicKeyToken=null
  m_Sprite: {fileID: 21300000, guid: c0d1effa50cad4f13ad7f132fe903904, type: 3}
  m_Type: 0
  m_PreserveAspect: 0
  m_FillCenter: 1
  m_FillMethod: 4
  m_FillAmount: 1
  m_FillClockwise: 1
  m_FillOrigin: 0
--- !u!222 &542244164
CanvasRenderer:
  m_ObjectHideFlags: 0
  m_PrefabParentObject: {fileID: 22273934, guid: f7aa52cd8aba85e48833af2b3340ae89,
    type: 2}
  m_PrefabInternal: {fileID: 145076106}
  m_GameObject: {fileID: 542244160}
--- !u!1 &869549991
GameObject:
  m_ObjectHideFlags: 0
  m_PrefabParentObject: {fileID: 173920, guid: f7aa52cd8aba85e48833af2b3340ae89, type: 2}
  m_PrefabInternal: {fileID: 145076106}
  serializedVersion: 5
  m_Component:
  - component: {fileID: 869549992}
  - component: {fileID: 869549994}
  - component: {fileID: 869549993}
  m_Layer: 5
  m_Name: Text
  m_TagString: Untagged
  m_Icon: {fileID: 0}
  m_NavMeshLayer: 0
  m_StaticEditorFlags: 0
  m_IsActive: 1
--- !u!224 &869549992
RectTransform:
  m_ObjectHideFlags: 0
  m_PrefabParentObject: {fileID: 22473920, guid: f7aa52cd8aba85e48833af2b3340ae89,
    type: 2}
  m_PrefabInternal: {fileID: 145076106}
  m_GameObject: {fileID: 869549991}
  m_LocalRotation: {x: 0, y: 0, z: 0, w: 1}
  m_LocalPosition: {x: 0, y: 0, z: 0}
  m_LocalScale: {x: 1, y: 1, z: 1}
  m_Children: []
  m_Father: {fileID: 1457418062}
  m_RootOrder: 1
  m_LocalEulerAnglesHint: {x: 0, y: 0, z: 0}
  m_AnchorMin: {x: 0.5, y: 0.5}
  m_AnchorMax: {x: 0.5, y: 0.5}
  m_AnchoredPosition: {x: -243, y: 0}
  m_SizeDelta: {x: 32, y: 30}
  m_Pivot: {x: 0.5, y: 0.5}
--- !u!114 &869549993
MonoBehaviour:
  m_ObjectHideFlags: 0
  m_PrefabParentObject: {fileID: 11473926, guid: f7aa52cd8aba85e48833af2b3340ae89,
    type: 2}
  m_PrefabInternal: {fileID: 145076106}
  m_GameObject: {fileID: 869549991}
  m_Enabled: 1
  m_EditorHideFlags: 0
  m_Script: {fileID: 708705254, guid: f5f67c52d1564df4a8936ccd202a3bd8, type: 3}
  m_Name: 
  m_EditorClassIdentifier: 
  m_Material: {fileID: 0}
  m_Color: {r: 0.18382353, g: 0.18382353, b: 0.18382353, a: 0.827451}
  m_RaycastTarget: 1
  m_OnCullStateChanged:
    m_PersistentCalls:
      m_Calls: []
    m_TypeName: UnityEngine.UI.MaskableGraphic+CullStateChangedEvent, UnityEngine.UI,
      Version=1.0.0.0, Culture=neutral, PublicKeyToken=null
  m_FontData:
    m_Font: {fileID: 12800000, guid: 218956a5c2a6e42d6a60afccf80b002b, type: 3}
    m_FontSize: 20
    m_FontStyle: 0
    m_BestFit: 0
    m_MinSize: 10
    m_MaxSize: 40
    m_Alignment: 3
    m_AlignByGeometry: 0
    m_RichText: 1
    m_HorizontalOverflow: 0
    m_VerticalOverflow: 0
    m_LineSpacing: 1
  m_Text: Off
--- !u!222 &869549994
CanvasRenderer:
  m_ObjectHideFlags: 0
  m_PrefabParentObject: {fileID: 22273918, guid: f7aa52cd8aba85e48833af2b3340ae89,
    type: 2}
  m_PrefabInternal: {fileID: 145076106}
  m_GameObject: {fileID: 869549991}
--- !u!1 &1033062636
GameObject:
  m_ObjectHideFlags: 0
  m_PrefabParentObject: {fileID: 0}
  m_PrefabInternal: {fileID: 0}
  serializedVersion: 5
  m_Component:
  - component: {fileID: 1033062637}
  m_Layer: 0
  m_Name: __REAL_PIXELS_1536x2048
  m_TagString: Untagged
  m_Icon: {fileID: 0}
  m_NavMeshLayer: 0
  m_StaticEditorFlags: 0
  m_IsActive: 1
--- !u!4 &1033062637
Transform:
  m_ObjectHideFlags: 0
  m_PrefabParentObject: {fileID: 0}
  m_PrefabInternal: {fileID: 0}
  m_GameObject: {fileID: 1033062636}
  m_LocalRotation: {x: 0, y: 0, z: 0, w: 1}
  m_LocalPosition: {x: 494.995, y: 627.74, z: 0}
  m_LocalScale: {x: 1, y: 1, z: 1}
  m_Children: []
  m_Father: {fileID: 0}
  m_RootOrder: 3
  m_LocalEulerAnglesHint: {x: 0, y: 0, z: 0}
--- !u!1 &1096659437
GameObject:
  m_ObjectHideFlags: 0
  m_PrefabParentObject: {fileID: 173898, guid: f7aa52cd8aba85e48833af2b3340ae89, type: 2}
  m_PrefabInternal: {fileID: 145076106}
  serializedVersion: 5
  m_Component:
  - component: {fileID: 1096659438}
  - component: {fileID: 1096659441}
  - component: {fileID: 1096659440}
  - component: {fileID: 1096659439}
  m_Layer: 5
  m_Name: ButtonCamera
  m_TagString: Untagged
  m_Icon: {fileID: 0}
  m_NavMeshLayer: 0
  m_StaticEditorFlags: 0
  m_IsActive: 1
--- !u!224 &1096659438
RectTransform:
  m_ObjectHideFlags: 0
  m_PrefabParentObject: {fileID: 22473898, guid: f7aa52cd8aba85e48833af2b3340ae89,
    type: 2}
  m_PrefabInternal: {fileID: 145076106}
  m_GameObject: {fileID: 1096659437}
  m_LocalRotation: {x: 0, y: 0, z: 0, w: 1}
  m_LocalPosition: {x: 0, y: 0, z: 0}
  m_LocalScale: {x: 1, y: 1, z: 1}
  m_Children:
  - {fileID: 1506574707}
  m_Father: {fileID: 387614276}
  m_RootOrder: 0
  m_LocalEulerAnglesHint: {x: 0, y: 0, z: 0}
  m_AnchorMin: {x: 0.5, y: 0.5}
  m_AnchorMax: {x: 0.5, y: 0.5}
  m_AnchoredPosition: {x: 0, y: 0.0000015497208}
  m_SizeDelta: {x: 96.9, y: 96.9}
  m_Pivot: {x: 0.5, y: 0.5}
--- !u!114 &1096659439
MonoBehaviour:
  m_ObjectHideFlags: 0
  m_PrefabParentObject: {fileID: 11473898, guid: f7aa52cd8aba85e48833af2b3340ae89,
    type: 2}
  m_PrefabInternal: {fileID: 145076106}
  m_GameObject: {fileID: 1096659437}
  m_Enabled: 1
  m_EditorHideFlags: 0
  m_Script: {fileID: 1392445389, guid: f5f67c52d1564df4a8936ccd202a3bd8, type: 3}
  m_Name: 
  m_EditorClassIdentifier: 
  m_Navigation:
    m_Mode: 3
    m_SelectOnUp: {fileID: 0}
    m_SelectOnDown: {fileID: 0}
    m_SelectOnLeft: {fileID: 0}
    m_SelectOnRight: {fileID: 0}
  m_Transition: 1
  m_Colors:
    m_NormalColor: {r: 1, g: 1, b: 1, a: 1}
    m_HighlightedColor: {r: 0.9607843, g: 0.9607843, b: 0.9607843, a: 1}
    m_PressedColor: {r: 0.78431374, g: 0.78431374, b: 0.78431374, a: 1}
    m_DisabledColor: {r: 0.78431374, g: 0.78431374, b: 0.78431374, a: 0.5019608}
    m_ColorMultiplier: 1
    m_FadeDuration: 0.1
  m_SpriteState:
    m_HighlightedSprite: {fileID: 0}
    m_PressedSprite: {fileID: 0}
    m_DisabledSprite: {fileID: 0}
  m_AnimationTriggers:
    m_NormalTrigger: Normal
    m_HighlightedTrigger: Highlighted
    m_PressedTrigger: Pressed
    m_DisabledTrigger: Disabled
  m_Interactable: 1
  m_TargetGraphic: {fileID: 1096659440}
  m_OnClick:
    m_PersistentCalls:
      m_Calls: []
    m_TypeName: UnityEngine.UI.Button+ButtonClickedEvent, UnityEngine.UI, Version=1.0.0.0,
      Culture=neutral, PublicKeyToken=null
--- !u!114 &1096659440
MonoBehaviour:
  m_ObjectHideFlags: 0
  m_PrefabParentObject: {fileID: 11473900, guid: f7aa52cd8aba85e48833af2b3340ae89,
    type: 2}
  m_PrefabInternal: {fileID: 145076106}
  m_GameObject: {fileID: 1096659437}
  m_Enabled: 1
  m_EditorHideFlags: 0
  m_Script: {fileID: -765806418, guid: f5f67c52d1564df4a8936ccd202a3bd8, type: 3}
  m_Name: 
  m_EditorClassIdentifier: 
  m_Material: {fileID: 0}
  m_Color: {r: 1, g: 1, b: 1, a: 0.7372549}
  m_RaycastTarget: 1
  m_OnCullStateChanged:
    m_PersistentCalls:
      m_Calls: []
    m_TypeName: UnityEngine.UI.MaskableGraphic+CullStateChangedEvent, UnityEngine.UI,
      Version=1.0.0.0, Culture=neutral, PublicKeyToken=null
  m_Sprite: {fileID: 21300000, guid: 4a06b734c1424ef43acedc3bd3a99e50, type: 3}
  m_Type: 0
  m_PreserveAspect: 0
  m_FillCenter: 1
  m_FillMethod: 4
  m_FillAmount: 1
  m_FillClockwise: 1
  m_FillOrigin: 0
--- !u!222 &1096659441
CanvasRenderer:
  m_ObjectHideFlags: 0
  m_PrefabParentObject: {fileID: 22273898, guid: f7aa52cd8aba85e48833af2b3340ae89,
    type: 2}
  m_PrefabInternal: {fileID: 145076106}
  m_GameObject: {fileID: 1096659437}
--- !u!1 &1241790642
GameObject:
  m_ObjectHideFlags: 0
  m_PrefabParentObject: {fileID: 173900, guid: f7aa52cd8aba85e48833af2b3340ae89, type: 2}
  m_PrefabInternal: {fileID: 145076106}
  serializedVersion: 5
  m_Component:
  - component: {fileID: 1241790643}
  - component: {fileID: 1241790646}
  - component: {fileID: 1241790645}
  - component: {fileID: 1241790644}
  m_Layer: 5
  m_Name: FocusOverlay
  m_TagString: Untagged
  m_Icon: {fileID: 0}
  m_NavMeshLayer: 0
  m_StaticEditorFlags: 0
  m_IsActive: 1
--- !u!224 &1241790643
RectTransform:
  m_ObjectHideFlags: 0
  m_PrefabParentObject: {fileID: 22473900, guid: f7aa52cd8aba85e48833af2b3340ae89,
    type: 2}
  m_PrefabInternal: {fileID: 145076106}
  m_GameObject: {fileID: 1241790642}
  m_LocalRotation: {x: 0, y: 0, z: 0, w: 1}
  m_LocalPosition: {x: 0, y: 0, z: 0}
  m_LocalScale: {x: 1, y: 1, z: 1}
  m_Children: []
  m_Father: {fileID: 1533983757}
  m_RootOrder: 3
  m_LocalEulerAnglesHint: {x: 0, y: 0, z: 0}
  m_AnchorMin: {x: 0.5, y: 0.5}
  m_AnchorMax: {x: 0.5, y: 0.5}
  m_AnchoredPosition: {x: -76, y: 218}
  m_SizeDelta: {x: 275, y: 275}
  m_Pivot: {x: 0.5, y: 0.5}
--- !u!114 &1241790644
MonoBehaviour:
  m_ObjectHideFlags: 0
  m_PrefabParentObject: {fileID: 11473902, guid: f7aa52cd8aba85e48833af2b3340ae89,
    type: 2}
  m_PrefabInternal: {fileID: 145076106}
  m_GameObject: {fileID: 1241790642}
  m_Enabled: 1
  m_EditorHideFlags: 0
  m_Script: {fileID: 1392445389, guid: f5f67c52d1564df4a8936ccd202a3bd8, type: 3}
  m_Name: 
  m_EditorClassIdentifier: 
  m_Navigation:
    m_Mode: 3
    m_SelectOnUp: {fileID: 0}
    m_SelectOnDown: {fileID: 0}
    m_SelectOnLeft: {fileID: 0}
    m_SelectOnRight: {fileID: 0}
  m_Transition: 1
  m_Colors:
    m_NormalColor: {r: 1, g: 1, b: 1, a: 1}
    m_HighlightedColor: {r: 0.9607843, g: 0.9607843, b: 0.9607843, a: 1}
    m_PressedColor: {r: 0.78431374, g: 0.78431374, b: 0.78431374, a: 1}
    m_DisabledColor: {r: 0.78431374, g: 0.78431374, b: 0.78431374, a: 0.5019608}
    m_ColorMultiplier: 1
    m_FadeDuration: 0.1
  m_SpriteState:
    m_HighlightedSprite: {fileID: 0}
    m_PressedSprite: {fileID: 0}
    m_DisabledSprite: {fileID: 0}
  m_AnimationTriggers:
    m_NormalTrigger: Normal
    m_HighlightedTrigger: Highlighted
    m_PressedTrigger: Pressed
    m_DisabledTrigger: Disabled
  m_Interactable: 1
  m_TargetGraphic: {fileID: 1241790645}
  m_OnClick:
    m_PersistentCalls:
      m_Calls: []
    m_TypeName: UnityEngine.UI.Button+ButtonClickedEvent, UnityEngine.UI, Version=1.0.0.0,
      Culture=neutral, PublicKeyToken=null
--- !u!114 &1241790645
MonoBehaviour:
  m_ObjectHideFlags: 0
  m_PrefabParentObject: {fileID: 11473904, guid: f7aa52cd8aba85e48833af2b3340ae89,
    type: 2}
  m_PrefabInternal: {fileID: 145076106}
  m_GameObject: {fileID: 1241790642}
  m_Enabled: 1
  m_EditorHideFlags: 0
  m_Script: {fileID: -765806418, guid: f5f67c52d1564df4a8936ccd202a3bd8, type: 3}
  m_Name: 
  m_EditorClassIdentifier: 
  m_Material: {fileID: 0}
  m_Color: {r: 0.9632353, g: 0.9632353, b: 0.9632353, a: 0.6313726}
  m_RaycastTarget: 1
  m_OnCullStateChanged:
    m_PersistentCalls:
      m_Calls: []
    m_TypeName: UnityEngine.UI.MaskableGraphic+CullStateChangedEvent, UnityEngine.UI,
      Version=1.0.0.0, Culture=neutral, PublicKeyToken=null
  m_Sprite: {fileID: 21300000, guid: 452dadc4ea87d1d4ca95604befac3fce, type: 3}
  m_Type: 0
  m_PreserveAspect: 0
  m_FillCenter: 1
  m_FillMethod: 4
  m_FillAmount: 1
  m_FillClockwise: 1
  m_FillOrigin: 0
--- !u!222 &1241790646
CanvasRenderer:
  m_ObjectHideFlags: 0
  m_PrefabParentObject: {fileID: 22273900, guid: f7aa52cd8aba85e48833af2b3340ae89,
    type: 2}
  m_PrefabInternal: {fileID: 145076106}
  m_GameObject: {fileID: 1241790642}
--- !u!1 &1251357574
GameObject:
  m_ObjectHideFlags: 0
  m_PrefabParentObject: {fileID: 173928, guid: f7aa52cd8aba85e48833af2b3340ae89, type: 2}
  m_PrefabInternal: {fileID: 145076106}
  serializedVersion: 5
  m_Component:
  - component: {fileID: 1251357575}
  - component: {fileID: 1251357577}
  - component: {fileID: 1251357576}
  m_Layer: 5
  m_Name: Image
  m_TagString: Untagged
  m_Icon: {fileID: 0}
  m_NavMeshLayer: 0
  m_StaticEditorFlags: 0
  m_IsActive: 1
--- !u!224 &1251357575
RectTransform:
  m_ObjectHideFlags: 0
  m_PrefabParentObject: {fileID: 22473928, guid: f7aa52cd8aba85e48833af2b3340ae89,
    type: 2}
  m_PrefabInternal: {fileID: 145076106}
  m_GameObject: {fileID: 1251357574}
  m_LocalRotation: {x: 0, y: 0, z: 0, w: 1}
  m_LocalPosition: {x: 0, y: 0, z: 0}
  m_LocalScale: {x: 1, y: 1, z: 1}
  m_Children: []
  m_Father: {fileID: 1533983757}
  m_RootOrder: 0
  m_LocalEulerAnglesHint: {x: 0, y: 0, z: 0}
  m_AnchorMin: {x: 0.5, y: 0.5}
  m_AnchorMax: {x: 0.5, y: 0.5}
  m_AnchoredPosition: {x: 1.5, y: 93}
  m_SizeDelta: {x: 1539, y: 2287}
  m_Pivot: {x: 0.5, y: 0.5}
--- !u!114 &1251357576
MonoBehaviour:
  m_ObjectHideFlags: 0
  m_PrefabParentObject: {fileID: 11473938, guid: f7aa52cd8aba85e48833af2b3340ae89,
    type: 2}
  m_PrefabInternal: {fileID: 145076106}
  m_GameObject: {fileID: 1251357574}
  m_Enabled: 1
  m_EditorHideFlags: 0
  m_Script: {fileID: -765806418, guid: f5f67c52d1564df4a8936ccd202a3bd8, type: 3}
  m_Name: 
  m_EditorClassIdentifier: 
  m_Material: {fileID: 0}
  m_Color: {r: 1, g: 1, b: 1, a: 1}
  m_RaycastTarget: 1
  m_OnCullStateChanged:
    m_PersistentCalls:
      m_Calls: []
    m_TypeName: UnityEngine.UI.MaskableGraphic+CullStateChangedEvent, UnityEngine.UI,
      Version=1.0.0.0, Culture=neutral, PublicKeyToken=null
  m_Sprite: {fileID: 21300000, guid: 38e14546bbd0d8b44a7b209e178ed2d3, type: 3}
  m_Type: 0
  m_PreserveAspect: 0
  m_FillCenter: 1
  m_FillMethod: 4
  m_FillAmount: 1
  m_FillClockwise: 1
  m_FillOrigin: 0
--- !u!222 &1251357577
CanvasRenderer:
  m_ObjectHideFlags: 0
  m_PrefabParentObject: {fileID: 22273926, guid: f7aa52cd8aba85e48833af2b3340ae89,
    type: 2}
  m_PrefabInternal: {fileID: 145076106}
  m_GameObject: {fileID: 1251357574}
--- !u!1 &1330667722
GameObject:
  m_ObjectHideFlags: 0
  m_PrefabParentObject: {fileID: 173914, guid: f7aa52cd8aba85e48833af2b3340ae89, type: 2}
  m_PrefabInternal: {fileID: 145076106}
  serializedVersion: 5
  m_Component:
  - component: {fileID: 1330667723}
  - component: {fileID: 1330667725}
  - component: {fileID: 1330667724}
  m_Layer: 5
  m_Name: Button
  m_TagString: Untagged
  m_Icon: {fileID: 0}
  m_NavMeshLayer: 0
  m_StaticEditorFlags: 0
  m_IsActive: 1
--- !u!224 &1330667723
RectTransform:
  m_ObjectHideFlags: 0
  m_PrefabParentObject: {fileID: 22473914, guid: f7aa52cd8aba85e48833af2b3340ae89,
    type: 2}
  m_PrefabInternal: {fileID: 145076106}
  m_GameObject: {fileID: 1330667722}
  m_LocalRotation: {x: 0, y: 0, z: 0, w: 1}
  m_LocalPosition: {x: 0, y: 0, z: 0}
  m_LocalScale: {x: 1, y: 1, z: 1}
  m_Children:
  - {fileID: 1973712556}
  m_Father: {fileID: 1533983757}
  m_RootOrder: 6
  m_LocalEulerAnglesHint: {x: 0, y: 0, z: 0}
  m_AnchorMin: {x: 0.5, y: 0.5}
  m_AnchorMax: {x: 0.5, y: 0.5}
  m_AnchoredPosition: {x: -510.75, y: -931}
  m_SizeDelta: {x: 513.5, y: 186}
  m_Pivot: {x: 0.5, y: 0.5}
--- !u!114 &1330667724
MonoBehaviour:
  m_ObjectHideFlags: 0
  m_PrefabParentObject: {fileID: 11473920, guid: f7aa52cd8aba85e48833af2b3340ae89,
    type: 2}
  m_PrefabInternal: {fileID: 145076106}
  m_GameObject: {fileID: 1330667722}
  m_Enabled: 1
  m_EditorHideFlags: 0
  m_Script: {fileID: -765806418, guid: f5f67c52d1564df4a8936ccd202a3bd8, type: 3}
  m_Name: 
  m_EditorClassIdentifier: 
  m_Material: {fileID: 0}
  m_Color: {r: 0.1102941, g: 0.1102941, b: 0.1102941, a: 0.94509804}
  m_RaycastTarget: 1
  m_OnCullStateChanged:
    m_PersistentCalls:
      m_Calls: []
    m_TypeName: UnityEngine.UI.MaskableGraphic+CullStateChangedEvent, UnityEngine.UI,
      Version=1.0.0.0, Culture=neutral, PublicKeyToken=null
  m_Sprite: {fileID: 21300000, guid: 7ed1238760b863f4aafde32ab3a6f28c, type: 3}
  m_Type: 1
  m_PreserveAspect: 0
  m_FillCenter: 1
  m_FillMethod: 4
  m_FillAmount: 1
  m_FillClockwise: 1
  m_FillOrigin: 0
--- !u!222 &1330667725
CanvasRenderer:
  m_ObjectHideFlags: 0
  m_PrefabParentObject: {fileID: 22273912, guid: f7aa52cd8aba85e48833af2b3340ae89,
    type: 2}
  m_PrefabInternal: {fileID: 145076106}
  m_GameObject: {fileID: 1330667722}
--- !u!1 &1343820308
GameObject:
  m_ObjectHideFlags: 0
  m_PrefabParentObject: {fileID: 173906, guid: f7aa52cd8aba85e48833af2b3340ae89, type: 2}
  m_PrefabInternal: {fileID: 145076106}
  serializedVersion: 5
  m_Component:
  - component: {fileID: 1343820312}
  - component: {fileID: 1343820311}
  - component: {fileID: 1343820310}
  - component: {fileID: 1343820309}
  m_Layer: 5
  m_Name: Camera
  m_TagString: Untagged
  m_Icon: {fileID: 0}
  m_NavMeshLayer: 0
  m_StaticEditorFlags: 0
  m_IsActive: 1
--- !u!114 &1343820309
MonoBehaviour:
  m_ObjectHideFlags: 0
  m_PrefabParentObject: {fileID: 11473910, guid: f7aa52cd8aba85e48833af2b3340ae89,
    type: 2}
  m_PrefabInternal: {fileID: 145076106}
  m_GameObject: {fileID: 1343820308}
  m_Enabled: 1
  m_EditorHideFlags: 0
  m_Script: {fileID: 1301386320, guid: f5f67c52d1564df4a8936ccd202a3bd8, type: 3}
  m_Name: 
  m_EditorClassIdentifier: 
  m_IgnoreReversedGraphics: 1
  m_BlockingObjects: 0
  m_BlockingMask:
    serializedVersion: 2
    m_Bits: 4294967295
--- !u!114 &1343820310
MonoBehaviour:
  m_ObjectHideFlags: 0
  m_PrefabParentObject: {fileID: 11473912, guid: f7aa52cd8aba85e48833af2b3340ae89,
    type: 2}
  m_PrefabInternal: {fileID: 145076106}
  m_GameObject: {fileID: 1343820308}
  m_Enabled: 1
  m_EditorHideFlags: 0
  m_Script: {fileID: 1980459831, guid: f5f67c52d1564df4a8936ccd202a3bd8, type: 3}
  m_Name: 
  m_EditorClassIdentifier: 
  m_UiScaleMode: 1
  m_ReferencePixelsPerUnit: 100
  m_ScaleFactor: 1
  m_ReferenceResolution: {x: 1536, y: 2048}
  m_ScreenMatchMode: 0
  m_MatchWidthOrHeight: 1
  m_PhysicalUnit: 3
  m_FallbackScreenDPI: 96
  m_DefaultSpriteDPI: 96
  m_DynamicPixelsPerUnit: 1
--- !u!223 &1343820311
Canvas:
  m_ObjectHideFlags: 0
  m_PrefabParentObject: {fileID: 22373896, guid: f7aa52cd8aba85e48833af2b3340ae89,
    type: 2}
  m_PrefabInternal: {fileID: 145076106}
  m_GameObject: {fileID: 1343820308}
  m_Enabled: 1
  serializedVersion: 3
  m_RenderMode: 0
  m_Camera: {fileID: 0}
  m_PlaneDistance: 100
  m_PixelPerfect: 1
  m_ReceivesEvents: 1
  m_OverrideSorting: 0
  m_OverridePixelPerfect: 0
  m_SortingBucketNormalizedSize: 0
  m_AdditionalShaderChannelsFlag: 25
  m_SortingLayerID: 0
  m_SortingOrder: 0
  m_TargetDisplay: 0
--- !u!224 &1343820312
RectTransform:
  m_ObjectHideFlags: 0
  m_PrefabParentObject: {fileID: 22473906, guid: f7aa52cd8aba85e48833af2b3340ae89,
    type: 2}
  m_PrefabInternal: {fileID: 145076106}
  m_GameObject: {fileID: 1343820308}
  m_LocalRotation: {x: 0, y: 0, z: 0, w: 1}
  m_LocalPosition: {x: 0, y: 0, z: 0}
  m_LocalScale: {x: 0, y: 0, z: 0}
  m_Children:
  - {fileID: 1528072316}
  - {fileID: 1533983757}
  m_Father: {fileID: 0}
  m_RootOrder: 0
  m_LocalEulerAnglesHint: {x: 0, y: 0, z: 0}
  m_AnchorMin: {x: 0, y: 0}
  m_AnchorMax: {x: 0, y: 0}
  m_AnchoredPosition: {x: 0, y: 0}
  m_SizeDelta: {x: 0, y: 0}
  m_Pivot: {x: 0, y: 0}
--- !u!1 &1436628602
GameObject:
  m_ObjectHideFlags: 0
  m_PrefabParentObject: {fileID: 173930, guid: f7aa52cd8aba85e48833af2b3340ae89, type: 2}
  m_PrefabInternal: {fileID: 145076106}
  serializedVersion: 5
  m_Component:
  - component: {fileID: 1436628603}
  - component: {fileID: 1436628605}
  - component: {fileID: 1436628604}
  m_Layer: 5
  m_Name: Text
  m_TagString: Untagged
  m_Icon: {fileID: 0}
  m_NavMeshLayer: 0
  m_StaticEditorFlags: 0
  m_IsActive: 1
--- !u!224 &1436628603
RectTransform:
  m_ObjectHideFlags: 0
  m_PrefabParentObject: {fileID: 22473930, guid: f7aa52cd8aba85e48833af2b3340ae89,
    type: 2}
  m_PrefabInternal: {fileID: 145076106}
  m_GameObject: {fileID: 1436628602}
  m_LocalRotation: {x: 0, y: 0, z: 0, w: 1}
  m_LocalPosition: {x: 0, y: 0, z: 0}
  m_LocalScale: {x: 1, y: 1, z: 1}
  m_Children: []
  m_Father: {fileID: 1892219890}
  m_RootOrder: 4
  m_LocalEulerAnglesHint: {x: 0, y: 0, z: 0}
  m_AnchorMin: {x: 0.5, y: 0.5}
  m_AnchorMax: {x: 0.5, y: 0.5}
  m_AnchoredPosition: {x: 170.3, y: 0}
  m_SizeDelta: {x: 44.2, y: 30}
  m_Pivot: {x: 0.5, y: 0.5}
--- !u!114 &1436628604
MonoBehaviour:
  m_ObjectHideFlags: 0
  m_PrefabParentObject: {fileID: 11473940, guid: f7aa52cd8aba85e48833af2b3340ae89,
    type: 2}
  m_PrefabInternal: {fileID: 145076106}
  m_GameObject: {fileID: 1436628602}
  m_Enabled: 1
  m_EditorHideFlags: 0
  m_Script: {fileID: 708705254, guid: f5f67c52d1564df4a8936ccd202a3bd8, type: 3}
  m_Name: 
  m_EditorClassIdentifier: 
  m_Material: {fileID: 0}
  m_Color: {r: 0.03676468, g: 0.03676468, b: 0.03676468, a: 0.827451}
  m_RaycastTarget: 1
  m_OnCullStateChanged:
    m_PersistentCalls:
      m_Calls: []
    m_TypeName: UnityEngine.UI.MaskableGraphic+CullStateChangedEvent, UnityEngine.UI,
      Version=1.0.0.0, Culture=neutral, PublicKeyToken=null
  m_FontData:
    m_Font: {fileID: 12800000, guid: 218956a5c2a6e42d6a60afccf80b002b, type: 3}
    m_FontSize: 20
    m_FontStyle: 0
    m_BestFit: 0
    m_MinSize: 10
    m_MaxSize: 40
    m_Alignment: 3
    m_AlignByGeometry: 0
    m_RichText: 1
    m_HorizontalOverflow: 0
    m_VerticalOverflow: 0
    m_LineSpacing: 1
  m_Text: 1/250
--- !u!222 &1436628605
CanvasRenderer:
  m_ObjectHideFlags: 0
  m_PrefabParentObject: {fileID: 22273928, guid: f7aa52cd8aba85e48833af2b3340ae89,
    type: 2}
  m_PrefabInternal: {fileID: 145076106}
  m_GameObject: {fileID: 1436628602}
--- !u!1 &1457418061
GameObject:
  m_ObjectHideFlags: 0
  m_PrefabParentObject: {fileID: 173904, guid: f7aa52cd8aba85e48833af2b3340ae89, type: 2}
  m_PrefabInternal: {fileID: 145076106}
  serializedVersion: 5
  m_Component:
  - component: {fileID: 1457418062}
  - component: {fileID: 1457418064}
  - component: {fileID: 1457418063}
  m_Layer: 5
  m_Name: TopPanel
  m_TagString: Untagged
  m_Icon: {fileID: 0}
  m_NavMeshLayer: 0
  m_StaticEditorFlags: 0
  m_IsActive: 1
--- !u!224 &1457418062
RectTransform:
  m_ObjectHideFlags: 0
  m_PrefabParentObject: {fileID: 22473904, guid: f7aa52cd8aba85e48833af2b3340ae89,
    type: 2}
  m_PrefabInternal: {fileID: 145076106}
  m_GameObject: {fileID: 1457418061}
  m_LocalRotation: {x: 0, y: 0, z: 0, w: 1}
  m_LocalPosition: {x: 0, y: 0, z: 0}
  m_LocalScale: {x: 1, y: 1, z: 1}
  m_Children:
  - {fileID: 83113312}
  - {fileID: 869549992}
  - {fileID: 473961107}
  - {fileID: 417940031}
  m_Father: {fileID: 1533983757}
  m_RootOrder: 1
  m_LocalEulerAnglesHint: {x: 0, y: 0, z: 0}
  m_AnchorMin: {x: 0.5, y: 0.5}
  m_AnchorMax: {x: 0.5, y: 0.5}
  m_AnchoredPosition: {x: 2, y: 964}
  m_SizeDelta: {x: 1539, y: 121}
  m_Pivot: {x: 0.5, y: 0.5}
--- !u!114 &1457418063
MonoBehaviour:
  m_ObjectHideFlags: 0
  m_PrefabParentObject: {fileID: 11473908, guid: f7aa52cd8aba85e48833af2b3340ae89,
    type: 2}
  m_PrefabInternal: {fileID: 145076106}
  m_GameObject: {fileID: 1457418061}
  m_Enabled: 1
  m_EditorHideFlags: 0
  m_Script: {fileID: -765806418, guid: f5f67c52d1564df4a8936ccd202a3bd8, type: 3}
  m_Name: 
  m_EditorClassIdentifier: 
  m_Material: {fileID: 0}
  m_Color: {r: 0.9632353, g: 0.9632353, b: 0.9632353, a: 0.7764706}
  m_RaycastTarget: 1
  m_OnCullStateChanged:
    m_PersistentCalls:
      m_Calls: []
    m_TypeName: UnityEngine.UI.MaskableGraphic+CullStateChangedEvent, UnityEngine.UI,
      Version=1.0.0.0, Culture=neutral, PublicKeyToken=null
  m_Sprite: {fileID: 21300000, guid: 7ed1238760b863f4aafde32ab3a6f28c, type: 3}
  m_Type: 1
  m_PreserveAspect: 0
  m_FillCenter: 1
  m_FillMethod: 4
  m_FillAmount: 1
  m_FillClockwise: 1
  m_FillOrigin: 0
--- !u!222 &1457418064
CanvasRenderer:
  m_ObjectHideFlags: 0
  m_PrefabParentObject: {fileID: 22273904, guid: f7aa52cd8aba85e48833af2b3340ae89,
    type: 2}
  m_PrefabInternal: {fileID: 145076106}
  m_GameObject: {fileID: 1457418061}
--- !u!1 &1500371475
GameObject:
  m_ObjectHideFlags: 0
  m_PrefabParentObject: {fileID: 0}
  m_PrefabInternal: {fileID: 0}
  serializedVersion: 5
  m_Component:
  - component: {fileID: 1500371479}
  - component: {fileID: 1500371478}
  - component: {fileID: 1500371477}
  - component: {fileID: 1500371476}
  m_Layer: 0
  m_Name: EventSystem
  m_TagString: Untagged
  m_Icon: {fileID: 0}
  m_NavMeshLayer: 0
  m_StaticEditorFlags: 0
  m_IsActive: 1
--- !u!114 &1500371476
MonoBehaviour:
  m_ObjectHideFlags: 0
  m_PrefabParentObject: {fileID: 0}
  m_PrefabInternal: {fileID: 0}
  m_GameObject: {fileID: 1500371475}
  m_Enabled: 1
  m_EditorHideFlags: 0
  m_Script: {fileID: 1997211142, guid: f5f67c52d1564df4a8936ccd202a3bd8, type: 3}
  m_Name: 
  m_EditorClassIdentifier: 
  m_ForceModuleActive: 0
--- !u!114 &1500371477
MonoBehaviour:
  m_ObjectHideFlags: 0
  m_PrefabParentObject: {fileID: 0}
  m_PrefabInternal: {fileID: 0}
  m_GameObject: {fileID: 1500371475}
  m_Enabled: 1
  m_EditorHideFlags: 0
  m_Script: {fileID: 1077351063, guid: f5f67c52d1564df4a8936ccd202a3bd8, type: 3}
  m_Name: 
  m_EditorClassIdentifier: 
  m_HorizontalAxis: Horizontal
  m_VerticalAxis: Vertical
  m_SubmitButton: Submit
  m_CancelButton: Cancel
  m_InputActionsPerSecond: 10
  m_RepeatDelay: 0.5
  m_ForceModuleActive: 0
--- !u!114 &1500371478
MonoBehaviour:
  m_ObjectHideFlags: 0
  m_PrefabParentObject: {fileID: 0}
  m_PrefabInternal: {fileID: 0}
  m_GameObject: {fileID: 1500371475}
  m_Enabled: 1
  m_EditorHideFlags: 0
  m_Script: {fileID: -619905303, guid: f5f67c52d1564df4a8936ccd202a3bd8, type: 3}
  m_Name: 
  m_EditorClassIdentifier: 
  m_FirstSelected: {fileID: 0}
  m_sendNavigationEvents: 1
  m_DragThreshold: 5
--- !u!4 &1500371479
Transform:
  m_ObjectHideFlags: 0
  m_PrefabParentObject: {fileID: 0}
  m_PrefabInternal: {fileID: 0}
  m_GameObject: {fileID: 1500371475}
  m_LocalRotation: {x: 0, y: 0, z: 0, w: 1}
  m_LocalPosition: {x: 0, y: 0, z: 0}
  m_LocalScale: {x: 1, y: 1, z: 1}
  m_Children: []
  m_Father: {fileID: 0}
  m_RootOrder: 1
  m_LocalEulerAnglesHint: {x: 0, y: 0, z: 0}
--- !u!1 &1506574706
GameObject:
  m_ObjectHideFlags: 0
  m_PrefabParentObject: {fileID: 173924, guid: f7aa52cd8aba85e48833af2b3340ae89, type: 2}
  m_PrefabInternal: {fileID: 145076106}
  serializedVersion: 5
  m_Component:
  - component: {fileID: 1506574707}
  - component: {fileID: 1506574709}
  - component: {fileID: 1506574708}
  m_Layer: 5
  m_Name: Icon
  m_TagString: Untagged
  m_Icon: {fileID: 0}
  m_NavMeshLayer: 0
  m_StaticEditorFlags: 0
  m_IsActive: 1
--- !u!224 &1506574707
RectTransform:
  m_ObjectHideFlags: 0
  m_PrefabParentObject: {fileID: 22473924, guid: f7aa52cd8aba85e48833af2b3340ae89,
    type: 2}
  m_PrefabInternal: {fileID: 145076106}
  m_GameObject: {fileID: 1506574706}
  m_LocalRotation: {x: 0, y: 0, z: 0, w: 1}
  m_LocalPosition: {x: 0, y: 0, z: 0}
  m_LocalScale: {x: 1, y: 1, z: 1}
  m_Children: []
  m_Father: {fileID: 1096659438}
  m_RootOrder: 0
  m_LocalEulerAnglesHint: {x: 0, y: 0, z: 0}
  m_AnchorMin: {x: 0.5, y: 0.5}
  m_AnchorMax: {x: 0.5, y: 0.5}
  m_AnchoredPosition: {x: 0, y: -0.00000035762787}
  m_SizeDelta: {x: 47, y: 36}
  m_Pivot: {x: 0.5, y: 0.5}
--- !u!114 &1506574708
MonoBehaviour:
  m_ObjectHideFlags: 0
  m_PrefabParentObject: {fileID: 11473932, guid: f7aa52cd8aba85e48833af2b3340ae89,
    type: 2}
  m_PrefabInternal: {fileID: 145076106}
  m_GameObject: {fileID: 1506574706}
  m_Enabled: 1
  m_EditorHideFlags: 0
  m_Script: {fileID: -765806418, guid: f5f67c52d1564df4a8936ccd202a3bd8, type: 3}
  m_Name: 
  m_EditorClassIdentifier: 
  m_Material: {fileID: 0}
  m_Color: {r: 1, g: 1, b: 1, a: 0.7372549}
  m_RaycastTarget: 1
  m_OnCullStateChanged:
    m_PersistentCalls:
      m_Calls: []
    m_TypeName: UnityEngine.UI.MaskableGraphic+CullStateChangedEvent, UnityEngine.UI,
      Version=1.0.0.0, Culture=neutral, PublicKeyToken=null
  m_Sprite: {fileID: 21300000, guid: 2222b18b0d78c429b86f29fc7a9be877, type: 3}
  m_Type: 0
  m_PreserveAspect: 0
  m_FillCenter: 1
  m_FillMethod: 4
  m_FillAmount: 1
  m_FillClockwise: 1
  m_FillOrigin: 0
--- !u!222 &1506574709
CanvasRenderer:
  m_ObjectHideFlags: 0
  m_PrefabParentObject: {fileID: 22273922, guid: f7aa52cd8aba85e48833af2b3340ae89,
    type: 2}
  m_PrefabInternal: {fileID: 145076106}
  m_GameObject: {fileID: 1506574706}
--- !u!1 &1511305452
GameObject:
  m_ObjectHideFlags: 0
  m_PrefabParentObject: {fileID: 0}
  m_PrefabInternal: {fileID: 0}
  serializedVersion: 5
  m_Component:
  - component: {fileID: 1511305453}
  m_Layer: 0
  m_Name: __SET_YOUR_GAMESCREEN_TO_768x1024
  m_TagString: Untagged
  m_Icon: {fileID: 0}
  m_NavMeshLayer: 0
  m_StaticEditorFlags: 0
  m_IsActive: 1
--- !u!4 &1511305453
Transform:
  m_ObjectHideFlags: 0
  m_PrefabParentObject: {fileID: 0}
  m_PrefabInternal: {fileID: 0}
  m_GameObject: {fileID: 1511305452}
  m_LocalRotation: {x: 0, y: 0, z: 0, w: 1}
  m_LocalPosition: {x: 494.995, y: 627.74, z: 0}
  m_LocalScale: {x: 1, y: 1, z: 1}
  m_Children: []
  m_Father: {fileID: 0}
  m_RootOrder: 2
  m_LocalEulerAnglesHint: {x: 0, y: 0, z: 0}
--- !u!1 &1528072315
GameObject:
  m_ObjectHideFlags: 0
  m_PrefabParentObject: {fileID: 173896, guid: f7aa52cd8aba85e48833af2b3340ae89, type: 2}
  m_PrefabInternal: {fileID: 145076106}
  serializedVersion: 5
  m_Component:
  - component: {fileID: 1528072316}
  - component: {fileID: 1528072318}
  - component: {fileID: 1528072317}
  m_Layer: 5
  m_Name: AppTitle
  m_TagString: Untagged
  m_Icon: {fileID: 0}
  m_NavMeshLayer: 0
  m_StaticEditorFlags: 0
  m_IsActive: 1
--- !u!224 &1528072316
RectTransform:
  m_ObjectHideFlags: 0
  m_PrefabParentObject: {fileID: 22473896, guid: f7aa52cd8aba85e48833af2b3340ae89,
    type: 2}
  m_PrefabInternal: {fileID: 145076106}
  m_GameObject: {fileID: 1528072315}
  m_LocalRotation: {x: 0, y: 0, z: 0, w: 1}
  m_LocalPosition: {x: 0, y: 0, z: 0}
  m_LocalScale: {x: 1, y: 1, z: 1}
  m_Children:
  - {fileID: 2115319028}
  m_Father: {fileID: 1343820312}
  m_RootOrder: 0
  m_LocalEulerAnglesHint: {x: 0, y: 0, z: 0}
  m_AnchorMin: {x: 0.5, y: 0.5}
  m_AnchorMax: {x: 0.5, y: 0.5}
  m_AnchoredPosition: {x: -384, y: 1147}
  m_SizeDelta: {x: 768, y: 109}
  m_Pivot: {x: 0.5, y: 0.5}
--- !u!114 &1528072317
MonoBehaviour:
  m_ObjectHideFlags: 0
  m_PrefabParentObject: {fileID: 11473896, guid: f7aa52cd8aba85e48833af2b3340ae89,
    type: 2}
  m_PrefabInternal: {fileID: 145076106}
  m_GameObject: {fileID: 1528072315}
  m_Enabled: 1
  m_EditorHideFlags: 0
  m_Script: {fileID: 708705254, guid: f5f67c52d1564df4a8936ccd202a3bd8, type: 3}
  m_Name: 
  m_EditorClassIdentifier: 
  m_Material: {fileID: 0}
  m_Color: {r: 0.85490197, g: 0.85490197, b: 0.85490197, a: 1}
  m_RaycastTarget: 1
  m_OnCullStateChanged:
    m_PersistentCalls:
      m_Calls: []
    m_TypeName: UnityEngine.UI.MaskableGraphic+CullStateChangedEvent, UnityEngine.UI,
      Version=1.0.0.0, Culture=neutral, PublicKeyToken=null
  m_FontData:
    m_Font: {fileID: 12800000, guid: 218956a5c2a6e42d6a60afccf80b002b, type: 3}
    m_FontSize: 102
    m_FontStyle: 0
    m_BestFit: 0
    m_MinSize: 10
    m_MaxSize: 102
    m_Alignment: 0
    m_AlignByGeometry: 0
    m_RichText: 1
    m_HorizontalOverflow: 0
    m_VerticalOverflow: 1
    m_LineSpacing: 1
  m_Text: CAMERA
--- !u!222 &1528072318
CanvasRenderer:
  m_ObjectHideFlags: 0
  m_PrefabParentObject: {fileID: 22273896, guid: f7aa52cd8aba85e48833af2b3340ae89,
    type: 2}
  m_PrefabInternal: {fileID: 145076106}
  m_GameObject: {fileID: 1528072315}
--- !u!1 &1533983756
GameObject:
  m_ObjectHideFlags: 0
  m_PrefabParentObject: {fileID: 173922, guid: f7aa52cd8aba85e48833af2b3340ae89, type: 2}
  m_PrefabInternal: {fileID: 145076106}
  serializedVersion: 5
  m_Component:
  - component: {fileID: 1533983757}
  - component: {fileID: 1533983760}
  - component: {fileID: 1533983759}
  - component: {fileID: 1533983758}
  m_Layer: 5
  m_Name: Panel
  m_TagString: Untagged
  m_Icon: {fileID: 0}
  m_NavMeshLayer: 0
  m_StaticEditorFlags: 0
  m_IsActive: 1
--- !u!224 &1533983757
RectTransform:
  m_ObjectHideFlags: 0
  m_PrefabParentObject: {fileID: 22473922, guid: f7aa52cd8aba85e48833af2b3340ae89,
    type: 2}
  m_PrefabInternal: {fileID: 145076106}
  m_GameObject: {fileID: 1533983756}
  m_LocalRotation: {x: 0, y: 0, z: 0, w: 1}
  m_LocalPosition: {x: 0, y: 0, z: 0}
  m_LocalScale: {x: 1, y: 1, z: 1}
  m_Children:
  - {fileID: 1251357575}
  - {fileID: 1457418062}
  - {fileID: 1892219890}
  - {fileID: 1241790643}
  - {fileID: 1719283530}
  - {fileID: 387614276}
  - {fileID: 1330667723}
  m_Father: {fileID: 1343820312}
  m_RootOrder: 1
  m_LocalEulerAnglesHint: {x: 0, y: 0, z: 0}
  m_AnchorMin: {x: 0.5, y: 0.5}
  m_AnchorMax: {x: 0.5, y: 0.5}
  m_AnchoredPosition: {x: 0, y: 0}
  m_SizeDelta: {x: 1536, y: 2048}
  m_Pivot: {x: 0.5, y: 0.5}
--- !u!114 &1533983758
MonoBehaviour:
  m_ObjectHideFlags: 0
  m_PrefabParentObject: {fileID: 11473928, guid: f7aa52cd8aba85e48833af2b3340ae89,
    type: 2}
  m_PrefabInternal: {fileID: 145076106}
  m_GameObject: {fileID: 1533983756}
  m_Enabled: 1
  m_EditorHideFlags: 0
  m_Script: {fileID: -1200242548, guid: f5f67c52d1564df4a8936ccd202a3bd8, type: 3}
  m_Name: 
  m_EditorClassIdentifier: 
  m_ShowMaskGraphic: 1
--- !u!114 &1533983759
MonoBehaviour:
  m_ObjectHideFlags: 0
  m_PrefabParentObject: {fileID: 11473930, guid: f7aa52cd8aba85e48833af2b3340ae89,
    type: 2}
  m_PrefabInternal: {fileID: 145076106}
  m_GameObject: {fileID: 1533983756}
  m_Enabled: 1
  m_EditorHideFlags: 0
  m_Script: {fileID: -765806418, guid: f5f67c52d1564df4a8936ccd202a3bd8, type: 3}
  m_Name: 
  m_EditorClassIdentifier: 
  m_Material: {fileID: 0}
  m_Color: {r: 0.12156863, g: 0.12156863, b: 0.12156863, a: 1}
  m_RaycastTarget: 1
  m_OnCullStateChanged:
    m_PersistentCalls:
      m_Calls: []
    m_TypeName: UnityEngine.UI.MaskableGraphic+CullStateChangedEvent, UnityEngine.UI,
      Version=1.0.0.0, Culture=neutral, PublicKeyToken=null
  m_Sprite: {fileID: 21300000, guid: 7ed1238760b863f4aafde32ab3a6f28c, type: 3}
  m_Type: 1
  m_PreserveAspect: 0
  m_FillCenter: 1
  m_FillMethod: 4
  m_FillAmount: 1
  m_FillClockwise: 1
  m_FillOrigin: 0
--- !u!222 &1533983760
CanvasRenderer:
  m_ObjectHideFlags: 0
  m_PrefabParentObject: {fileID: 22273920, guid: f7aa52cd8aba85e48833af2b3340ae89,
    type: 2}
  m_PrefabInternal: {fileID: 145076106}
  m_GameObject: {fileID: 1533983756}
--- !u!1 &1535173210
GameObject:
  m_ObjectHideFlags: 0
  m_PrefabParentObject: {fileID: 173938, guid: f7aa52cd8aba85e48833af2b3340ae89, type: 2}
  m_PrefabInternal: {fileID: 145076106}
  serializedVersion: 5
  m_Component:
  - component: {fileID: 1535173211}
  - component: {fileID: 1535173213}
  - component: {fileID: 1535173212}
  m_Layer: 5
  m_Name: Icon
  m_TagString: Untagged
  m_Icon: {fileID: 0}
  m_NavMeshLayer: 0
  m_StaticEditorFlags: 0
  m_IsActive: 1
--- !u!224 &1535173211
RectTransform:
  m_ObjectHideFlags: 0
  m_PrefabParentObject: {fileID: 22473938, guid: f7aa52cd8aba85e48833af2b3340ae89,
    type: 2}
  m_PrefabInternal: {fileID: 145076106}
  m_GameObject: {fileID: 1535173210}
  m_LocalRotation: {x: 0, y: 0, z: 0, w: 1}
  m_LocalPosition: {x: 0, y: 0, z: 0}
  m_LocalScale: {x: 1, y: 1, z: 1}
  m_Children: []
  m_Father: {fileID: 1719283530}
  m_RootOrder: 0
  m_LocalEulerAnglesHint: {x: 0, y: 0, z: 0}
  m_AnchorMin: {x: 0.5, y: 0.5}
  m_AnchorMax: {x: 0.5, y: 0.5}
  m_AnchoredPosition: {x: 0, y: -0.00000035762787}
  m_SizeDelta: {x: 47, y: 43}
  m_Pivot: {x: 0.5, y: 0.5}
--- !u!114 &1535173212
MonoBehaviour:
  m_ObjectHideFlags: 0
  m_PrefabParentObject: {fileID: 11473952, guid: f7aa52cd8aba85e48833af2b3340ae89,
    type: 2}
  m_PrefabInternal: {fileID: 145076106}
  m_GameObject: {fileID: 1535173210}
  m_Enabled: 1
  m_EditorHideFlags: 0
  m_Script: {fileID: -765806418, guid: f5f67c52d1564df4a8936ccd202a3bd8, type: 3}
  m_Name: 
  m_EditorClassIdentifier: 
  m_Material: {fileID: 0}
  m_Color: {r: 1, g: 1, b: 1, a: 0.7372549}
  m_RaycastTarget: 1
  m_OnCullStateChanged:
    m_PersistentCalls:
      m_Calls: []
    m_TypeName: UnityEngine.UI.MaskableGraphic+CullStateChangedEvent, UnityEngine.UI,
      Version=1.0.0.0, Culture=neutral, PublicKeyToken=null
  m_Sprite: {fileID: 21300000, guid: 97f706a7ab09d4e0c9108cd271deb94b, type: 3}
  m_Type: 0
  m_PreserveAspect: 0
  m_FillCenter: 1
  m_FillMethod: 4
  m_FillAmount: 1
  m_FillClockwise: 1
  m_FillOrigin: 0
--- !u!222 &1535173213
CanvasRenderer:
  m_ObjectHideFlags: 0
  m_PrefabParentObject: {fileID: 22273936, guid: f7aa52cd8aba85e48833af2b3340ae89,
    type: 2}
  m_PrefabInternal: {fileID: 145076106}
  m_GameObject: {fileID: 1535173210}
--- !u!1 &1654021088
GameObject:
  m_ObjectHideFlags: 0
  m_PrefabParentObject: {fileID: 173908, guid: f7aa52cd8aba85e48833af2b3340ae89, type: 2}
  m_PrefabInternal: {fileID: 145076106}
  serializedVersion: 5
  m_Component:
  - component: {fileID: 1654021089}
  - component: {fileID: 1654021091}
  - component: {fileID: 1654021090}
  m_Layer: 5
  m_Name: Text
  m_TagString: Untagged
  m_Icon: {fileID: 0}
  m_NavMeshLayer: 0
  m_StaticEditorFlags: 0
  m_IsActive: 1
--- !u!224 &1654021089
RectTransform:
  m_ObjectHideFlags: 0
  m_PrefabParentObject: {fileID: 22473908, guid: f7aa52cd8aba85e48833af2b3340ae89,
    type: 2}
  m_PrefabInternal: {fileID: 145076106}
  m_GameObject: {fileID: 1654021088}
  m_LocalRotation: {x: 0, y: 0, z: 0, w: 1}
  m_LocalPosition: {x: 0, y: 0, z: 0}
  m_LocalScale: {x: 1, y: 1, z: 1}
  m_Children: []
  m_Father: {fileID: 1892219890}
  m_RootOrder: 3
  m_LocalEulerAnglesHint: {x: 0, y: 0, z: 0}
  m_AnchorMin: {x: 0.5, y: 0.5}
  m_AnchorMax: {x: 0.5, y: 0.5}
  m_AnchoredPosition: {x: 0.000022172928, y: -0.9399419}
  m_SizeDelta: {x: 63, y: 30}
  m_Pivot: {x: 0.5, y: 0.5}
--- !u!114 &1654021090
MonoBehaviour:
  m_ObjectHideFlags: 0
  m_PrefabParentObject: {fileID: 11473914, guid: f7aa52cd8aba85e48833af2b3340ae89,
    type: 2}
  m_PrefabInternal: {fileID: 145076106}
  m_GameObject: {fileID: 1654021088}
  m_Enabled: 1
  m_EditorHideFlags: 0
  m_Script: {fileID: 708705254, guid: f5f67c52d1564df4a8936ccd202a3bd8, type: 3}
  m_Name: 
  m_EditorClassIdentifier: 
  m_Material: {fileID: 0}
  m_Color: {r: 0.03676468, g: 0.03676468, b: 0.03676468, a: 0.827451}
  m_RaycastTarget: 1
  m_OnCullStateChanged:
    m_PersistentCalls:
      m_Calls: []
    m_TypeName: UnityEngine.UI.MaskableGraphic+CullStateChangedEvent, UnityEngine.UI,
      Version=1.0.0.0, Culture=neutral, PublicKeyToken=null
  m_FontData:
    m_Font: {fileID: 12800000, guid: 218956a5c2a6e42d6a60afccf80b002b, type: 3}
    m_FontSize: 20
    m_FontStyle: 0
    m_BestFit: 0
    m_MinSize: 10
    m_MaxSize: 40
    m_Alignment: 4
    m_AlignByGeometry: 0
    m_RichText: 1
    m_HorizontalOverflow: 0
    m_VerticalOverflow: 0
    m_LineSpacing: 1
  m_Text: ISO 600
--- !u!222 &1654021091
CanvasRenderer:
  m_ObjectHideFlags: 0
  m_PrefabParentObject: {fileID: 22273906, guid: f7aa52cd8aba85e48833af2b3340ae89,
    type: 2}
  m_PrefabInternal: {fileID: 145076106}
  m_GameObject: {fileID: 1654021088}
--- !u!1 &1719283529
GameObject:
  m_ObjectHideFlags: 0
  m_PrefabParentObject: {fileID: 173902, guid: f7aa52cd8aba85e48833af2b3340ae89, type: 2}
  m_PrefabInternal: {fileID: 145076106}
  serializedVersion: 5
  m_Component:
  - component: {fileID: 1719283530}
  - component: {fileID: 1719283532}
  - component: {fileID: 1719283531}
  m_Layer: 5
  m_Name: Button
  m_TagString: Untagged
  m_Icon: {fileID: 0}
  m_NavMeshLayer: 0
  m_StaticEditorFlags: 0
  m_IsActive: 1
--- !u!224 &1719283530
RectTransform:
  m_ObjectHideFlags: 0
  m_PrefabParentObject: {fileID: 22473902, guid: f7aa52cd8aba85e48833af2b3340ae89,
    type: 2}
  m_PrefabInternal: {fileID: 145076106}
  m_GameObject: {fileID: 1719283529}
  m_LocalRotation: {x: 0, y: 0, z: 0, w: 1}
  m_LocalPosition: {x: 0, y: 0, z: 0}
  m_LocalScale: {x: 1, y: 1, z: 1}
  m_Children:
  - {fileID: 1535173211}
  m_Father: {fileID: 1533983757}
  m_RootOrder: 4
  m_LocalEulerAnglesHint: {x: 0, y: 0, z: 0}
  m_AnchorMin: {x: 0.5, y: 0.5}
  m_AnchorMax: {x: 0.5, y: 0.5}
  m_AnchoredPosition: {x: 512.99994, y: -931}
  m_SizeDelta: {x: 510, y: 186}
  m_Pivot: {x: 0.5, y: 0.5}
--- !u!114 &1719283531
MonoBehaviour:
  m_ObjectHideFlags: 0
  m_PrefabParentObject: {fileID: 11473906, guid: f7aa52cd8aba85e48833af2b3340ae89,
    type: 2}
  m_PrefabInternal: {fileID: 145076106}
  m_GameObject: {fileID: 1719283529}
  m_Enabled: 1
  m_EditorHideFlags: 0
  m_Script: {fileID: -765806418, guid: f5f67c52d1564df4a8936ccd202a3bd8, type: 3}
  m_Name: 
  m_EditorClassIdentifier: 
  m_Material: {fileID: 0}
  m_Color: {r: 0.1102941, g: 0.1102941, b: 0.1102941, a: 0.94509804}
  m_RaycastTarget: 1
  m_OnCullStateChanged:
    m_PersistentCalls:
      m_Calls: []
    m_TypeName: UnityEngine.UI.MaskableGraphic+CullStateChangedEvent, UnityEngine.UI,
      Version=1.0.0.0, Culture=neutral, PublicKeyToken=null
  m_Sprite: {fileID: 21300000, guid: 7ed1238760b863f4aafde32ab3a6f28c, type: 3}
  m_Type: 1
  m_PreserveAspect: 0
  m_FillCenter: 1
  m_FillMethod: 4
  m_FillAmount: 1
  m_FillClockwise: 1
  m_FillOrigin: 0
--- !u!222 &1719283532
CanvasRenderer:
  m_ObjectHideFlags: 0
  m_PrefabParentObject: {fileID: 22273902, guid: f7aa52cd8aba85e48833af2b3340ae89,
    type: 2}
  m_PrefabInternal: {fileID: 145076106}
  m_GameObject: {fileID: 1719283529}
--- !u!1 &1892219889
GameObject:
  m_ObjectHideFlags: 0
  m_PrefabParentObject: {fileID: 173934, guid: f7aa52cd8aba85e48833af2b3340ae89, type: 2}
  m_PrefabInternal: {fileID: 145076106}
  serializedVersion: 5
  m_Component:
  - component: {fileID: 1892219890}
  - component: {fileID: 1892219892}
  - component: {fileID: 1892219891}
  m_Layer: 5
  m_Name: InfoBar
  m_TagString: Untagged
  m_Icon: {fileID: 0}
  m_NavMeshLayer: 0
  m_StaticEditorFlags: 0
  m_IsActive: 1
--- !u!224 &1892219890
RectTransform:
  m_ObjectHideFlags: 0
  m_PrefabParentObject: {fileID: 22473934, guid: f7aa52cd8aba85e48833af2b3340ae89,
    type: 2}
  m_PrefabInternal: {fileID: 145076106}
  m_GameObject: {fileID: 1892219889}
  m_LocalRotation: {x: 0, y: 0, z: 0, w: 1}
  m_LocalPosition: {x: 0, y: 0, z: 0}
  m_LocalScale: {x: 1, y: 1, z: 1}
  m_Children:
  - {fileID: 542244161}
  - {fileID: 2082412128}
  - {fileID: 154943145}
  - {fileID: 1654021089}
  - {fileID: 1436628603}
  - {fileID: 166692656}
  m_Father: {fileID: 1533983757}
  m_RootOrder: 2
  m_LocalEulerAnglesHint: {x: 0, y: 0, z: 0}
  m_AnchorMin: {x: 0.5, y: 0.5}
  m_AnchorMax: {x: 0.5, y: 0.5}
  m_AnchoredPosition: {x: 0, y: -789}
  m_SizeDelta: {x: 1536, y: 98}
  m_Pivot: {x: 0.5, y: 0.5}
--- !u!114 &1892219891
MonoBehaviour:
  m_ObjectHideFlags: 0
  m_PrefabParentObject: {fileID: 11473946, guid: f7aa52cd8aba85e48833af2b3340ae89,
    type: 2}
  m_PrefabInternal: {fileID: 145076106}
  m_GameObject: {fileID: 1892219889}
  m_Enabled: 1
  m_EditorHideFlags: 0
  m_Script: {fileID: -765806418, guid: f5f67c52d1564df4a8936ccd202a3bd8, type: 3}
  m_Name: 
  m_EditorClassIdentifier: 
  m_Material: {fileID: 0}
  m_Color: {r: 0.9632353, g: 0.9632353, b: 0.9632353, a: 0.7764706}
  m_RaycastTarget: 1
  m_OnCullStateChanged:
    m_PersistentCalls:
      m_Calls: []
    m_TypeName: UnityEngine.UI.MaskableGraphic+CullStateChangedEvent, UnityEngine.UI,
      Version=1.0.0.0, Culture=neutral, PublicKeyToken=null
  m_Sprite: {fileID: 21300000, guid: 7ed1238760b863f4aafde32ab3a6f28c, type: 3}
  m_Type: 1
  m_PreserveAspect: 0
  m_FillCenter: 1
  m_FillMethod: 4
  m_FillAmount: 1
  m_FillClockwise: 1
  m_FillOrigin: 0
--- !u!222 &1892219892
CanvasRenderer:
  m_ObjectHideFlags: 0
  m_PrefabParentObject: {fileID: 22273932, guid: f7aa52cd8aba85e48833af2b3340ae89,
    type: 2}
  m_PrefabInternal: {fileID: 145076106}
  m_GameObject: {fileID: 1892219889}
--- !u!1 &1973712555
GameObject:
  m_ObjectHideFlags: 0
  m_PrefabParentObject: {fileID: 173912, guid: f7aa52cd8aba85e48833af2b3340ae89, type: 2}
  m_PrefabInternal: {fileID: 145076106}
  serializedVersion: 5
  m_Component:
  - component: {fileID: 1973712556}
  - component: {fileID: 1973712558}
  - component: {fileID: 1973712557}
  m_Layer: 5
  m_Name: Icon
  m_TagString: Untagged
  m_Icon: {fileID: 0}
  m_NavMeshLayer: 0
  m_StaticEditorFlags: 0
  m_IsActive: 1
--- !u!224 &1973712556
RectTransform:
  m_ObjectHideFlags: 0
  m_PrefabParentObject: {fileID: 22473912, guid: f7aa52cd8aba85e48833af2b3340ae89,
    type: 2}
  m_PrefabInternal: {fileID: 145076106}
  m_GameObject: {fileID: 1973712555}
  m_LocalRotation: {x: 0, y: 0, z: 0, w: 1}
  m_LocalPosition: {x: 0, y: 0, z: 0}
  m_LocalScale: {x: 1, y: 1, z: 1}
  m_Children: []
  m_Father: {fileID: 1330667723}
  m_RootOrder: 0
  m_LocalEulerAnglesHint: {x: 0, y: 0, z: 0}
  m_AnchorMin: {x: 0.5, y: 0.5}
  m_AnchorMax: {x: 0.5, y: 0.5}
  m_AnchoredPosition: {x: 0, y: -0.00000035762787}
  m_SizeDelta: {x: 47, y: 37}
  m_Pivot: {x: 0.5, y: 0.5}
--- !u!114 &1973712557
MonoBehaviour:
  m_ObjectHideFlags: 0
  m_PrefabParentObject: {fileID: 11473918, guid: f7aa52cd8aba85e48833af2b3340ae89,
    type: 2}
  m_PrefabInternal: {fileID: 145076106}
  m_GameObject: {fileID: 1973712555}
  m_Enabled: 1
  m_EditorHideFlags: 0
  m_Script: {fileID: -765806418, guid: f5f67c52d1564df4a8936ccd202a3bd8, type: 3}
  m_Name: 
  m_EditorClassIdentifier: 
  m_Material: {fileID: 0}
  m_Color: {r: 1, g: 1, b: 1, a: 0.7372549}
  m_RaycastTarget: 1
  m_OnCullStateChanged:
    m_PersistentCalls:
      m_Calls: []
    m_TypeName: UnityEngine.UI.MaskableGraphic+CullStateChangedEvent, UnityEngine.UI,
      Version=1.0.0.0, Culture=neutral, PublicKeyToken=null
  m_Sprite: {fileID: 21300000, guid: 0f41e1b09cbd84f3da1b51c88ec120ee, type: 3}
  m_Type: 0
  m_PreserveAspect: 0
  m_FillCenter: 1
  m_FillMethod: 4
  m_FillAmount: 1
  m_FillClockwise: 1
  m_FillOrigin: 0
--- !u!222 &1973712558
CanvasRenderer:
  m_ObjectHideFlags: 0
  m_PrefabParentObject: {fileID: 22273910, guid: f7aa52cd8aba85e48833af2b3340ae89,
    type: 2}
  m_PrefabInternal: {fileID: 145076106}
  m_GameObject: {fileID: 1973712555}
--- !u!1 &2082412127
GameObject:
  m_ObjectHideFlags: 0
  m_PrefabParentObject: {fileID: 173910, guid: f7aa52cd8aba85e48833af2b3340ae89, type: 2}
  m_PrefabInternal: {fileID: 145076106}
  serializedVersion: 5
  m_Component:
  - component: {fileID: 2082412128}
  - component: {fileID: 2082412130}
  - component: {fileID: 2082412129}
  m_Layer: 5
  m_Name: Text
  m_TagString: Untagged
  m_Icon: {fileID: 0}
  m_NavMeshLayer: 0
  m_StaticEditorFlags: 0
  m_IsActive: 1
--- !u!224 &2082412128
RectTransform:
  m_ObjectHideFlags: 0
  m_PrefabParentObject: {fileID: 22473910, guid: f7aa52cd8aba85e48833af2b3340ae89,
    type: 2}
  m_PrefabInternal: {fileID: 145076106}
  m_GameObject: {fileID: 2082412127}
  m_LocalRotation: {x: 0, y: 0, z: 0, w: 1}
  m_LocalPosition: {x: 0, y: 0, z: 0}
  m_LocalScale: {x: 1, y: 1, z: 1}
  m_Children: []
  m_Father: {fileID: 1892219890}
  m_RootOrder: 1
  m_LocalEulerAnglesHint: {x: 0, y: 0, z: 0}
  m_AnchorMin: {x: 0.5, y: 0.5}
  m_AnchorMax: {x: 0.5, y: 0.5}
  m_AnchoredPosition: {x: -247, y: 0}
  m_SizeDelta: {x: 23.6, y: 30}
  m_Pivot: {x: 0.5, y: 0.5}
--- !u!114 &2082412129
MonoBehaviour:
  m_ObjectHideFlags: 0
  m_PrefabParentObject: {fileID: 11473916, guid: f7aa52cd8aba85e48833af2b3340ae89,
    type: 2}
  m_PrefabInternal: {fileID: 145076106}
  m_GameObject: {fileID: 2082412127}
  m_Enabled: 1
  m_EditorHideFlags: 0
  m_Script: {fileID: 708705254, guid: f5f67c52d1564df4a8936ccd202a3bd8, type: 3}
  m_Name: 
  m_EditorClassIdentifier: 
  m_Material: {fileID: 0}
  m_Color: {r: 0.051470578, g: 0.051470578, b: 0.051470578, a: 0.827451}
  m_RaycastTarget: 1
  m_OnCullStateChanged:
    m_PersistentCalls:
      m_Calls: []
    m_TypeName: UnityEngine.UI.MaskableGraphic+CullStateChangedEvent, UnityEngine.UI,
      Version=1.0.0.0, Culture=neutral, PublicKeyToken=null
  m_FontData:
    m_Font: {fileID: 12800000, guid: 218956a5c2a6e42d6a60afccf80b002b, type: 3}
    m_FontSize: 20
    m_FontStyle: 0
    m_BestFit: 0
    m_MinSize: 10
    m_MaxSize: 40
    m_Alignment: 3
    m_AlignByGeometry: 0
    m_RichText: 1
    m_HorizontalOverflow: 0
    m_VerticalOverflow: 0
    m_LineSpacing: 1
  m_Text: 3s
--- !u!222 &2082412130
CanvasRenderer:
  m_ObjectHideFlags: 0
  m_PrefabParentObject: {fileID: 22273908, guid: f7aa52cd8aba85e48833af2b3340ae89,
    type: 2}
  m_PrefabInternal: {fileID: 145076106}
  m_GameObject: {fileID: 2082412127}
--- !u!1 &2115319027
GameObject:
  m_ObjectHideFlags: 0
  m_PrefabParentObject: {fileID: 173918, guid: f7aa52cd8aba85e48833af2b3340ae89, type: 2}
  m_PrefabInternal: {fileID: 145076106}
  serializedVersion: 5
  m_Component:
  - component: {fileID: 2115319028}
  - component: {fileID: 2115319030}
  - component: {fileID: 2115319029}
  m_Layer: 5
  m_Name: AppTitle
  m_TagString: Untagged
  m_Icon: {fileID: 0}
  m_NavMeshLayer: 0
  m_StaticEditorFlags: 0
  m_IsActive: 1
--- !u!224 &2115319028
RectTransform:
  m_ObjectHideFlags: 0
  m_PrefabParentObject: {fileID: 22473918, guid: f7aa52cd8aba85e48833af2b3340ae89,
    type: 2}
  m_PrefabInternal: {fileID: 145076106}
  m_GameObject: {fileID: 2115319027}
  m_LocalRotation: {x: 0, y: 0, z: 0, w: 1}
  m_LocalPosition: {x: 0, y: 0, z: 0}
  m_LocalScale: {x: 1, y: 1, z: 1}
  m_Children: []
  m_Father: {fileID: 1528072316}
  m_RootOrder: 0
  m_LocalEulerAnglesHint: {x: 0, y: 0, z: 0}
  m_AnchorMin: {x: 0.5, y: 0.5}
  m_AnchorMax: {x: 0.5, y: 0.5}
  m_AnchoredPosition: {x: -36.5, y: -88}
  m_SizeDelta: {x: 695, y: 67}
  m_Pivot: {x: 0.5, y: 0.5}
--- !u!114 &2115319029
MonoBehaviour:
  m_ObjectHideFlags: 0
  m_PrefabParentObject: {fileID: 11473924, guid: f7aa52cd8aba85e48833af2b3340ae89,
    type: 2}
  m_PrefabInternal: {fileID: 145076106}
  m_GameObject: {fileID: 2115319027}
  m_Enabled: 1
  m_EditorHideFlags: 0
  m_Script: {fileID: 708705254, guid: f5f67c52d1564df4a8936ccd202a3bd8, type: 3}
  m_Name: 
  m_EditorClassIdentifier: 
  m_Material: {fileID: 0}
  m_Color: {r: 0.85490197, g: 0.85490197, b: 0.85490197, a: 1}
  m_RaycastTarget: 1
  m_OnCullStateChanged:
    m_PersistentCalls:
      m_Calls: []
    m_TypeName: UnityEngine.UI.MaskableGraphic+CullStateChangedEvent, UnityEngine.UI,
      Version=1.0.0.0, Culture=neutral, PublicKeyToken=null
  m_FontData:
    m_Font: {fileID: 12800000, guid: 218956a5c2a6e42d6a60afccf80b002b, type: 3}
    m_FontSize: 40
    m_FontStyle: 0
    m_BestFit: 0
    m_MinSize: 10
    m_MaxSize: 40
    m_Alignment: 0
    m_AlignByGeometry: 0
    m_RichText: 1
    m_HorizontalOverflow: 0
    m_VerticalOverflow: 1
    m_LineSpacing: 1
  m_Text: APP SAMPLE TABLET
--- !u!222 &2115319030
CanvasRenderer:
  m_ObjectHideFlags: 0
  m_PrefabParentObject: {fileID: 22273916, guid: f7aa52cd8aba85e48833af2b3340ae89,
    type: 2}
  m_PrefabInternal: {fileID: 145076106}
  m_GameObject: {fileID: 2115319027}
