%YAML 1.1
%TAG !u! tag:unity3d.com,2011:
--- !u!29 &1
OcclusionCullingSettings:
  m_ObjectHideFlags: 0
  serializedVersion: 2
  m_OcclusionBakeSettings:
    smallestOccluder: 5
    smallestHole: 0.25
    backfaceThreshold: 100
  m_SceneGUID: 00000000000000000000000000000000
  m_OcclusionCullingData: {fileID: 0}
--- !u!104 &2
RenderSettings:
  m_ObjectHideFlags: 0
  serializedVersion: 8
  m_Fog: 0
  m_FogColor: {r: 0.5, g: 0.5, b: 0.5, a: 1}
  m_FogMode: 3
  m_FogDensity: 0.01
  m_LinearFogStart: 0
  m_LinearFogEnd: 300
  m_AmbientSkyColor: {r: 0.212, g: 0.227, b: 0.259, a: 1}
  m_AmbientEquatorColor: {r: 0.114, g: 0.125, b: 0.133, a: 1}
  m_AmbientGroundColor: {r: 0.047, g: 0.043, b: 0.035, a: 1}
  m_AmbientIntensity: 1
  m_AmbientMode: 0
  m_SubtractiveShadowColor: {r: 0.42, g: 0.478, b: 0.627, a: 1}
  m_SkyboxMaterial: {fileID: 10304, guid: 0000000000000000f000000000000000, type: 0}
  m_HaloStrength: 0.5
  m_FlareStrength: 1
  m_FlareFadeSpeed: 3
  m_HaloTexture: {fileID: 0}
  m_SpotCookie: {fileID: 10001, guid: 0000000000000000e000000000000000, type: 0}
  m_DefaultReflectionMode: 0
  m_DefaultReflectionResolution: 128
  m_ReflectionBounces: 1
  m_ReflectionIntensity: 1
  m_CustomReflection: {fileID: 0}
  m_Sun: {fileID: 0}
  m_IndirectSpecularColor: {r: 0, g: 0, b: 0, a: 1}
--- !u!157 &4
LightmapSettings:
  m_ObjectHideFlags: 0
  serializedVersion: 11
  m_GIWorkflowMode: 0
  m_GISettings:
    serializedVersion: 2
    m_BounceScale: 1
    m_IndirectOutputScale: 1
    m_AlbedoBoost: 1
    m_TemporalCoherenceThreshold: 1
    m_EnvironmentLightingMode: 0
    m_EnableBakedLightmaps: 1
    m_EnableRealtimeLightmaps: 1
  m_LightmapEditorSettings:
    serializedVersion: 9
    m_Resolution: 2
    m_BakeResolution: 40
    m_TextureWidth: 1024
    m_TextureHeight: 1024
    m_AO: 0
    m_AOMaxDistance: 1
    m_CompAOExponent: 0
    m_CompAOExponentDirect: 0
    m_Padding: 2
    m_LightmapParameters: {fileID: 0}
    m_LightmapsBakeMode: 1
    m_TextureCompression: 1
    m_FinalGather: 0
    m_FinalGatherFiltering: 1
    m_FinalGatherRayCount: 1024
    m_ReflectionCompression: 2
    m_MixedBakeMode: 1
    m_BakeBackend: 0
    m_PVRSampling: 1
    m_PVRDirectSampleCount: 32
    m_PVRSampleCount: 500
    m_PVRBounces: 2
    m_PVRFilterTypeDirect: 0
    m_PVRFilterTypeIndirect: 0
    m_PVRFilterTypeAO: 0
    m_PVRFilteringMode: 0
    m_PVRCulling: 1
    m_PVRFilteringGaussRadiusDirect: 1
    m_PVRFilteringGaussRadiusIndirect: 5
    m_PVRFilteringGaussRadiusAO: 2
    m_PVRFilteringAtrousPositionSigmaDirect: 0.5
    m_PVRFilteringAtrousPositionSigmaIndirect: 2
    m_PVRFilteringAtrousPositionSigmaAO: 1
    m_ShowResolutionOverlay: 1
  m_LightingDataAsset: {fileID: 0}
  m_UseShadowmask: 0
--- !u!196 &5
NavMeshSettings:
  serializedVersion: 2
  m_ObjectHideFlags: 0
  m_BuildSettings:
    serializedVersion: 2
    agentTypeID: 0
    agentRadius: 0.5
    agentHeight: 2
    agentSlope: 45
    agentClimb: 0.4
    ledgeDropHeight: 0
    maxJumpAcrossDistance: 0
    minRegionArea: 2
    manualCellSize: 0
    cellSize: 0.16666667
    manualTileSize: 0
    tileSize: 256
    accuratePlacement: 0
    debug:
      m_Flags: 0
  m_NavMeshData: {fileID: 0}
--- !u!1 &40501508
GameObject:
  m_ObjectHideFlags: 0
  m_PrefabParentObject: {fileID: 108006, guid: 0b91c0c67766af54b8e5f8430270d95c, type: 2}
  m_PrefabInternal: {fileID: 65909048}
  serializedVersion: 5
  m_Component:
  - component: {fileID: 40501509}
  - component: {fileID: 40501511}
  - component: {fileID: 40501510}
  m_Layer: 5
  m_Name: Blocks
  m_TagString: Untagged
  m_Icon: {fileID: 0}
  m_NavMeshLayer: 0
  m_StaticEditorFlags: 0
  m_IsActive: 1
--- !u!224 &40501509
RectTransform:
  m_ObjectHideFlags: 0
  m_PrefabParentObject: {fileID: 22408006, guid: 0b91c0c67766af54b8e5f8430270d95c,
    type: 2}
  m_PrefabInternal: {fileID: 65909048}
  m_GameObject: {fileID: 40501508}
  m_LocalRotation: {x: 0, y: 0, z: 0, w: 1}
  m_LocalPosition: {x: 0, y: 0, z: 0}
  m_LocalScale: {x: 1, y: 1, z: 1}
  m_Children: []
  m_Father: {fileID: 247667700}
  m_RootOrder: 11
  m_LocalEulerAnglesHint: {x: 0, y: 0, z: 0}
  m_AnchorMin: {x: 0.5, y: 0.5}
  m_AnchorMax: {x: 0.5, y: 0.5}
  m_AnchoredPosition: {x: -242, y: -290}
  m_SizeDelta: {x: 161, y: 111}
  m_Pivot: {x: 0.5, y: 0.5}
--- !u!114 &40501510
MonoBehaviour:
  m_ObjectHideFlags: 0
  m_PrefabParentObject: {fileID: 11408002, guid: 0b91c0c67766af54b8e5f8430270d95c,
    type: 2}
  m_PrefabInternal: {fileID: 65909048}
  m_GameObject: {fileID: 40501508}
  m_Enabled: 1
  m_EditorHideFlags: 0
  m_Script: {fileID: -765806418, guid: f5f67c52d1564df4a8936ccd202a3bd8, type: 3}
  m_Name: 
  m_EditorClassIdentifier: 
  m_Material: {fileID: 0}
  m_Color: {r: 0, g: 0.7372549, b: 0.37254903, a: 1}
  m_RaycastTarget: 1
  m_OnCullStateChanged:
    m_PersistentCalls:
      m_Calls: []
    m_TypeName: UnityEngine.UI.MaskableGraphic+CullStateChangedEvent, UnityEngine.UI,
      Version=1.0.0.0, Culture=neutral, PublicKeyToken=null
  m_Sprite: {fileID: 21300000, guid: 7ed1238760b863f4aafde32ab3a6f28c, type: 3}
  m_Type: 1
  m_PreserveAspect: 0
  m_FillCenter: 1
  m_FillMethod: 4
  m_FillAmount: 1
  m_FillClockwise: 1
  m_FillOrigin: 0
--- !u!222 &40501511
CanvasRenderer:
  m_ObjectHideFlags: 0
  m_PrefabParentObject: {fileID: 22208008, guid: 0b91c0c67766af54b8e5f8430270d95c,
    type: 2}
  m_PrefabInternal: {fileID: 65909048}
  m_GameObject: {fileID: 40501508}
--- !u!1001 &65909048
Prefab:
  m_ObjectHideFlags: 0
  serializedVersion: 2
  m_Modification:
    m_TransformParent: {fileID: 0}
    m_Modifications:
    - target: {fileID: 22408042, guid: 0b91c0c67766af54b8e5f8430270d95c, type: 2}
      propertyPath: m_LocalPosition.x
      value: 0
      objectReference: {fileID: 0}
    - target: {fileID: 22408042, guid: 0b91c0c67766af54b8e5f8430270d95c, type: 2}
      propertyPath: m_LocalPosition.y
      value: 0
      objectReference: {fileID: 0}
    - target: {fileID: 22408042, guid: 0b91c0c67766af54b8e5f8430270d95c, type: 2}
      propertyPath: m_LocalPosition.z
      value: 0
      objectReference: {fileID: 0}
    - target: {fileID: 22408042, guid: 0b91c0c67766af54b8e5f8430270d95c, type: 2}
      propertyPath: m_LocalRotation.x
      value: 0
      objectReference: {fileID: 0}
    - target: {fileID: 22408042, guid: 0b91c0c67766af54b8e5f8430270d95c, type: 2}
      propertyPath: m_LocalRotation.y
      value: 0
      objectReference: {fileID: 0}
    - target: {fileID: 22408042, guid: 0b91c0c67766af54b8e5f8430270d95c, type: 2}
      propertyPath: m_LocalRotation.z
      value: 0
      objectReference: {fileID: 0}
    - target: {fileID: 22408042, guid: 0b91c0c67766af54b8e5f8430270d95c, type: 2}
      propertyPath: m_LocalRotation.w
      value: 1
      objectReference: {fileID: 0}
    - target: {fileID: 22408042, guid: 0b91c0c67766af54b8e5f8430270d95c, type: 2}
      propertyPath: m_RootOrder
      value: 0
      objectReference: {fileID: 0}
    - target: {fileID: 22408042, guid: 0b91c0c67766af54b8e5f8430270d95c, type: 2}
      propertyPath: m_AnchoredPosition.x
      value: 0
      objectReference: {fileID: 0}
    - target: {fileID: 22408042, guid: 0b91c0c67766af54b8e5f8430270d95c, type: 2}
      propertyPath: m_AnchoredPosition.y
      value: 0
      objectReference: {fileID: 0}
    - target: {fileID: 22408042, guid: 0b91c0c67766af54b8e5f8430270d95c, type: 2}
      propertyPath: m_SizeDelta.x
      value: 0
      objectReference: {fileID: 0}
    - target: {fileID: 22408042, guid: 0b91c0c67766af54b8e5f8430270d95c, type: 2}
      propertyPath: m_SizeDelta.y
      value: 0
      objectReference: {fileID: 0}
    - target: {fileID: 22408042, guid: 0b91c0c67766af54b8e5f8430270d95c, type: 2}
      propertyPath: m_AnchorMin.x
      value: 0
      objectReference: {fileID: 0}
    - target: {fileID: 22408042, guid: 0b91c0c67766af54b8e5f8430270d95c, type: 2}
      propertyPath: m_AnchorMin.y
      value: 0
      objectReference: {fileID: 0}
    - target: {fileID: 22408042, guid: 0b91c0c67766af54b8e5f8430270d95c, type: 2}
      propertyPath: m_AnchorMax.x
      value: 0
      objectReference: {fileID: 0}
    - target: {fileID: 22408042, guid: 0b91c0c67766af54b8e5f8430270d95c, type: 2}
      propertyPath: m_AnchorMax.y
      value: 0
      objectReference: {fileID: 0}
    - target: {fileID: 22408042, guid: 0b91c0c67766af54b8e5f8430270d95c, type: 2}
      propertyPath: m_Pivot.x
      value: 0
      objectReference: {fileID: 0}
    - target: {fileID: 22408042, guid: 0b91c0c67766af54b8e5f8430270d95c, type: 2}
      propertyPath: m_Pivot.y
      value: 0
      objectReference: {fileID: 0}
    m_RemovedComponents: []
  m_ParentPrefab: {fileID: 100100000, guid: 0b91c0c67766af54b8e5f8430270d95c, type: 2}
  m_RootGameObject: {fileID: 1836055322}
  m_IsPrefabParent: 0
--- !u!1 &247667699
GameObject:
  m_ObjectHideFlags: 0
  m_PrefabParentObject: {fileID: 108016, guid: 0b91c0c67766af54b8e5f8430270d95c, type: 2}
  m_PrefabInternal: {fileID: 65909048}
  serializedVersion: 5
  m_Component:
  - component: {fileID: 247667700}
  - component: {fileID: 247667703}
  - component: {fileID: 247667702}
  - component: {fileID: 247667701}
  m_Layer: 5
  m_Name: Panel
  m_TagString: Untagged
  m_Icon: {fileID: 0}
  m_NavMeshLayer: 0
  m_StaticEditorFlags: 0
  m_IsActive: 1
--- !u!224 &247667700
RectTransform:
  m_ObjectHideFlags: 0
  m_PrefabParentObject: {fileID: 22408016, guid: 0b91c0c67766af54b8e5f8430270d95c,
    type: 2}
  m_PrefabInternal: {fileID: 65909048}
  m_GameObject: {fileID: 247667699}
  m_LocalRotation: {x: 0, y: 0, z: 0, w: 1}
  m_LocalPosition: {x: 0, y: 0, z: 0}
  m_LocalScale: {x: 1, y: 1, z: 1}
  m_Children:
  - {fileID: 977140193}
  - {fileID: 1035618976}
  - {fileID: 702567876}
  - {fileID: 460711916}
  - {fileID: 497243261}
  - {fileID: 1273750693}
  - {fileID: 982587089}
  - {fileID: 890661076}
  - {fileID: 1730553619}
  - {fileID: 1014611545}
  - {fileID: 1548384338}
  - {fileID: 40501509}
  - {fileID: 1746297440}
  - {fileID: 2065919519}
  - {fileID: 1770454816}
  m_Father: {fileID: 1836055326}
  m_RootOrder: 1
  m_LocalEulerAnglesHint: {x: 0, y: 0, z: 0}
  m_AnchorMin: {x: 0.5, y: 0.5}
  m_AnchorMax: {x: 0.5, y: 0.5}
  m_AnchoredPosition: {x: 0, y: -0.020019531}
  m_SizeDelta: {x: 640, y: 1136}
  m_Pivot: {x: 0.5, y: 0.5}
--- !u!114 &247667701
MonoBehaviour:
  m_ObjectHideFlags: 0
  m_PrefabParentObject: {fileID: 11408014, guid: 0b91c0c67766af54b8e5f8430270d95c,
    type: 2}
  m_PrefabInternal: {fileID: 65909048}
  m_GameObject: {fileID: 247667699}
  m_Enabled: 1
  m_EditorHideFlags: 0
  m_Script: {fileID: -1200242548, guid: f5f67c52d1564df4a8936ccd202a3bd8, type: 3}
  m_Name: 
  m_EditorClassIdentifier: 
  m_ShowMaskGraphic: 1
--- !u!114 &247667702
MonoBehaviour:
  m_ObjectHideFlags: 0
  m_PrefabParentObject: {fileID: 11408012, guid: 0b91c0c67766af54b8e5f8430270d95c,
    type: 2}
  m_PrefabInternal: {fileID: 65909048}
  m_GameObject: {fileID: 247667699}
  m_Enabled: 1
  m_EditorHideFlags: 0
  m_Script: {fileID: -765806418, guid: f5f67c52d1564df4a8936ccd202a3bd8, type: 3}
  m_Name: 
  m_EditorClassIdentifier: 
  m_Material: {fileID: 0}
  m_Color: {r: 0.2794118, g: 0.2794118, b: 0.2794118, a: 1}
  m_RaycastTarget: 1
  m_OnCullStateChanged:
    m_PersistentCalls:
      m_Calls: []
    m_TypeName: UnityEngine.UI.MaskableGraphic+CullStateChangedEvent, UnityEngine.UI,
      Version=1.0.0.0, Culture=neutral, PublicKeyToken=null
  m_Sprite: {fileID: 21300000, guid: 7ed1238760b863f4aafde32ab3a6f28c, type: 3}
  m_Type: 1
  m_PreserveAspect: 0
  m_FillCenter: 1
  m_FillMethod: 4
  m_FillAmount: 1
  m_FillClockwise: 1
  m_FillOrigin: 0
--- !u!222 &247667703
CanvasRenderer:
  m_ObjectHideFlags: 0
  m_PrefabParentObject: {fileID: 22208018, guid: 0b91c0c67766af54b8e5f8430270d95c,
    type: 2}
  m_PrefabInternal: {fileID: 65909048}
  m_GameObject: {fileID: 247667699}
--- !u!1 &460711915
GameObject:
  m_ObjectHideFlags: 0
  m_PrefabParentObject: {fileID: 108026, guid: 0b91c0c67766af54b8e5f8430270d95c, type: 2}
  m_PrefabInternal: {fileID: 65909048}
  serializedVersion: 5
  m_Component:
  - component: {fileID: 460711916}
  - component: {fileID: 460711918}
  - component: {fileID: 460711917}
  m_Layer: 5
  m_Name: Blocks
  m_TagString: Untagged
  m_Icon: {fileID: 0}
  m_NavMeshLayer: 0
  m_StaticEditorFlags: 0
  m_IsActive: 1
--- !u!224 &460711916
RectTransform:
  m_ObjectHideFlags: 0
  m_PrefabParentObject: {fileID: 22408026, guid: 0b91c0c67766af54b8e5f8430270d95c,
    type: 2}
  m_PrefabInternal: {fileID: 65909048}
  m_GameObject: {fileID: 460711915}
  m_LocalRotation: {x: 0, y: 0, z: 0, w: 1}
  m_LocalPosition: {x: 0, y: 0, z: 0}
  m_LocalScale: {x: 1, y: 1, z: 1}
  m_Children: []
  m_Father: {fileID: 247667700}
  m_RootOrder: 3
  m_LocalEulerAnglesHint: {x: 0, y: 0, z: 0}
  m_AnchorMin: {x: 0.5, y: 0.5}
  m_AnchorMax: {x: 0.5, y: 0.5}
  m_AnchoredPosition: {x: 240, y: -512}
  m_SizeDelta: {x: 161, y: 111}
  m_Pivot: {x: 0.5, y: 0.5}
--- !u!114 &460711917
MonoBehaviour:
  m_ObjectHideFlags: 0
  m_PrefabParentObject: {fileID: 11408024, guid: 0b91c0c67766af54b8e5f8430270d95c,
    type: 2}
  m_PrefabInternal: {fileID: 65909048}
  m_GameObject: {fileID: 460711915}
  m_Enabled: 1
  m_EditorHideFlags: 0
  m_Script: {fileID: -765806418, guid: f5f67c52d1564df4a8936ccd202a3bd8, type: 3}
  m_Name: 
  m_EditorClassIdentifier: 
  m_Material: {fileID: 0}
  m_Color: {r: 0.19215687, g: 0.42745098, b: 0.32156864, a: 1}
  m_RaycastTarget: 1
  m_OnCullStateChanged:
    m_PersistentCalls:
      m_Calls: []
    m_TypeName: UnityEngine.UI.MaskableGraphic+CullStateChangedEvent, UnityEngine.UI,
      Version=1.0.0.0, Culture=neutral, PublicKeyToken=null
  m_Sprite: {fileID: 21300000, guid: 7ed1238760b863f4aafde32ab3a6f28c, type: 3}
  m_Type: 1
  m_PreserveAspect: 0
  m_FillCenter: 1
  m_FillMethod: 4
  m_FillAmount: 1
  m_FillClockwise: 1
  m_FillOrigin: 0
--- !u!222 &460711918
CanvasRenderer:
  m_ObjectHideFlags: 0
  m_PrefabParentObject: {fileID: 22208028, guid: 0b91c0c67766af54b8e5f8430270d95c,
    type: 2}
  m_PrefabInternal: {fileID: 65909048}
  m_GameObject: {fileID: 460711915}
--- !u!1 &497243260
GameObject:
  m_ObjectHideFlags: 0
  m_PrefabParentObject: {fileID: 108034, guid: 0b91c0c67766af54b8e5f8430270d95c, type: 2}
  m_PrefabInternal: {fileID: 65909048}
  serializedVersion: 5
  m_Component:
  - component: {fileID: 497243261}
  - component: {fileID: 497243263}
  - component: {fileID: 497243262}
  m_Layer: 5
  m_Name: Blocks
  m_TagString: Untagged
  m_Icon: {fileID: 0}
  m_NavMeshLayer: 0
  m_StaticEditorFlags: 0
  m_IsActive: 1
--- !u!224 &497243261
RectTransform:
  m_ObjectHideFlags: 0
  m_PrefabParentObject: {fileID: 22408034, guid: 0b91c0c67766af54b8e5f8430270d95c,
    type: 2}
  m_PrefabInternal: {fileID: 65909048}
  m_GameObject: {fileID: 497243260}
  m_LocalRotation: {x: 0, y: 0, z: 0, w: 1}
  m_LocalPosition: {x: 0, y: 0, z: 0}
  m_LocalScale: {x: 1, y: 1, z: 1}
  m_Children: []
  m_Father: {fileID: 247667700}
  m_RootOrder: 4
  m_LocalEulerAnglesHint: {x: 0, y: 0, z: 0}
  m_AnchorMin: {x: 0.5, y: 0.5}
  m_AnchorMax: {x: 0.5, y: 0.5}
  m_AnchoredPosition: {x: 79, y: -401}
  m_SizeDelta: {x: 161, y: 111}
  m_Pivot: {x: 0.5, y: 0.5}
--- !u!114 &497243262
MonoBehaviour:
  m_ObjectHideFlags: 0
  m_PrefabParentObject: {fileID: 11408032, guid: 0b91c0c67766af54b8e5f8430270d95c,
    type: 2}
  m_PrefabInternal: {fileID: 65909048}
  m_GameObject: {fileID: 497243260}
  m_Enabled: 1
  m_EditorHideFlags: 0
  m_Script: {fileID: -765806418, guid: f5f67c52d1564df4a8936ccd202a3bd8, type: 3}
  m_Name: 
  m_EditorClassIdentifier: 
  m_Material: {fileID: 0}
  m_Color: {r: 0, g: 0.54901963, b: 0.3372549, a: 1}
  m_RaycastTarget: 1
  m_OnCullStateChanged:
    m_PersistentCalls:
      m_Calls: []
    m_TypeName: UnityEngine.UI.MaskableGraphic+CullStateChangedEvent, UnityEngine.UI,
      Version=1.0.0.0, Culture=neutral, PublicKeyToken=null
  m_Sprite: {fileID: 21300000, guid: 7ed1238760b863f4aafde32ab3a6f28c, type: 3}
  m_Type: 1
  m_PreserveAspect: 0
  m_FillCenter: 1
  m_FillMethod: 4
  m_FillAmount: 1
  m_FillClockwise: 1
  m_FillOrigin: 0
--- !u!222 &497243263
CanvasRenderer:
  m_ObjectHideFlags: 0
  m_PrefabParentObject: {fileID: 22208036, guid: 0b91c0c67766af54b8e5f8430270d95c,
    type: 2}
  m_PrefabInternal: {fileID: 65909048}
  m_GameObject: {fileID: 497243260}
--- !u!1 &623253925
GameObject:
  m_ObjectHideFlags: 0
  m_PrefabParentObject: {fileID: 108024, guid: 0b91c0c67766af54b8e5f8430270d95c, type: 2}
  m_PrefabInternal: {fileID: 65909048}
  serializedVersion: 5
  m_Component:
  - component: {fileID: 623253926}
  - component: {fileID: 623253928}
  - component: {fileID: 623253927}
  m_Layer: 5
  m_Name: AppTitle
  m_TagString: Untagged
  m_Icon: {fileID: 0}
  m_NavMeshLayer: 0
  m_StaticEditorFlags: 0
  m_IsActive: 1
--- !u!224 &623253926
RectTransform:
  m_ObjectHideFlags: 0
  m_PrefabParentObject: {fileID: 22408024, guid: 0b91c0c67766af54b8e5f8430270d95c,
    type: 2}
  m_PrefabInternal: {fileID: 65909048}
  m_GameObject: {fileID: 623253925}
  m_LocalRotation: {x: 0, y: 0, z: 0, w: 1}
  m_LocalPosition: {x: 0, y: 0, z: 0}
  m_LocalScale: {x: 1, y: 1, z: 1}
  m_Children: []
  m_Father: {fileID: 1244090669}
  m_RootOrder: 0
  m_LocalEulerAnglesHint: {x: 0, y: 0, z: 0}
  m_AnchorMin: {x: 0.5, y: 0.5}
  m_AnchorMax: {x: 0.5, y: 0.5}
  m_AnchoredPosition: {x: 295, y: -68}
  m_SizeDelta: {x: 695, y: 109}
  m_Pivot: {x: 0.5, y: 0.5}
--- !u!114 &623253927
MonoBehaviour:
  m_ObjectHideFlags: 0
  m_PrefabParentObject: {fileID: 11408022, guid: 0b91c0c67766af54b8e5f8430270d95c,
    type: 2}
  m_PrefabInternal: {fileID: 65909048}
  m_GameObject: {fileID: 623253925}
  m_Enabled: 1
  m_EditorHideFlags: 0
  m_Script: {fileID: 708705254, guid: f5f67c52d1564df4a8936ccd202a3bd8, type: 3}
  m_Name: 
  m_EditorClassIdentifier: 
  m_Material: {fileID: 0}
  m_Color: {r: 0.85490197, g: 0.85490197, b: 0.85490197, a: 1}
  m_RaycastTarget: 1
  m_OnCullStateChanged:
    m_PersistentCalls:
      m_Calls: []
    m_TypeName: UnityEngine.UI.MaskableGraphic+CullStateChangedEvent, UnityEngine.UI,
      Version=1.0.0.0, Culture=neutral, PublicKeyToken=null
  m_FontData:
    m_Font: {fileID: 12800000, guid: 218956a5c2a6e42d6a60afccf80b002b, type: 3}
    m_FontSize: 40
    m_FontStyle: 0
    m_BestFit: 0
    m_MinSize: 10
    m_MaxSize: 40
    m_Alignment: 0
    m_AlignByGeometry: 0
    m_RichText: 1
    m_HorizontalOverflow: 0
    m_VerticalOverflow: 1
    m_LineSpacing: 1
  m_Text: EXAMPLE
--- !u!222 &623253928
CanvasRenderer:
  m_ObjectHideFlags: 0
  m_PrefabParentObject: {fileID: 22208026, guid: 0b91c0c67766af54b8e5f8430270d95c,
    type: 2}
  m_PrefabInternal: {fileID: 65909048}
  m_GameObject: {fileID: 623253925}
--- !u!1 &702567875
GameObject:
  m_ObjectHideFlags: 0
  m_PrefabParentObject: {fileID: 108038, guid: 0b91c0c67766af54b8e5f8430270d95c, type: 2}
  m_PrefabInternal: {fileID: 65909048}
  serializedVersion: 5
  m_Component:
  - component: {fileID: 702567876}
  - component: {fileID: 702567878}
  - component: {fileID: 702567877}
  m_Layer: 5
  m_Name: Blocks
  m_TagString: Untagged
  m_Icon: {fileID: 0}
  m_NavMeshLayer: 0
  m_StaticEditorFlags: 0
  m_IsActive: 1
--- !u!224 &702567876
RectTransform:
  m_ObjectHideFlags: 0
  m_PrefabParentObject: {fileID: 22408038, guid: 0b91c0c67766af54b8e5f8430270d95c,
    type: 2}
  m_PrefabInternal: {fileID: 65909048}
  m_GameObject: {fileID: 702567875}
  m_LocalRotation: {x: 0, y: 0, z: 0, w: 1}
  m_LocalPosition: {x: 0, y: 0, z: 0}
  m_LocalScale: {x: 1, y: 1, z: 1}
  m_Children: []
  m_Father: {fileID: 247667700}
  m_RootOrder: 2
  m_LocalEulerAnglesHint: {x: 0, y: 0, z: 0}
  m_AnchorMin: {x: 0.5, y: 0.5}
  m_AnchorMax: {x: 0.5, y: 0.5}
  m_AnchoredPosition: {x: 79, y: -512}
  m_SizeDelta: {x: 161, y: 111}
  m_Pivot: {x: 0.5, y: 0.5}
--- !u!114 &702567877
MonoBehaviour:
  m_ObjectHideFlags: 0
  m_PrefabParentObject: {fileID: 11408036, guid: 0b91c0c67766af54b8e5f8430270d95c,
    type: 2}
  m_PrefabInternal: {fileID: 65909048}
  m_GameObject: {fileID: 702567875}
  m_Enabled: 1
  m_EditorHideFlags: 0
  m_Script: {fileID: -765806418, guid: f5f67c52d1564df4a8936ccd202a3bd8, type: 3}
  m_Name: 
  m_EditorClassIdentifier: 
  m_Material: {fileID: 0}
  m_Color: {r: 0.02745098, g: 0.4862745, b: 0.32941177, a: 1}
  m_RaycastTarget: 1
  m_OnCullStateChanged:
    m_PersistentCalls:
      m_Calls: []
    m_TypeName: UnityEngine.UI.MaskableGraphic+CullStateChangedEvent, UnityEngine.UI,
      Version=1.0.0.0, Culture=neutral, PublicKeyToken=null
  m_Sprite: {fileID: 21300000, guid: 7ed1238760b863f4aafde32ab3a6f28c, type: 3}
  m_Type: 1
  m_PreserveAspect: 0
  m_FillCenter: 1
  m_FillMethod: 4
  m_FillAmount: 1
  m_FillClockwise: 1
  m_FillOrigin: 0
--- !u!222 &702567878
CanvasRenderer:
  m_ObjectHideFlags: 0
  m_PrefabParentObject: {fileID: 22208040, guid: 0b91c0c67766af54b8e5f8430270d95c,
    type: 2}
  m_PrefabInternal: {fileID: 65909048}
  m_GameObject: {fileID: 702567875}
--- !u!1 &890661075
GameObject:
  m_ObjectHideFlags: 0
  m_PrefabParentObject: {fileID: 108036, guid: 0b91c0c67766af54b8e5f8430270d95c, type: 2}
  m_PrefabInternal: {fileID: 65909048}
  serializedVersion: 5
  m_Component:
  - component: {fileID: 890661076}
  - component: {fileID: 890661078}
  - component: {fileID: 890661077}
  m_Layer: 5
  m_Name: Blocks
  m_TagString: Untagged
  m_Icon: {fileID: 0}
  m_NavMeshLayer: 0
  m_StaticEditorFlags: 0
  m_IsActive: 1
--- !u!224 &890661076
RectTransform:
  m_ObjectHideFlags: 0
  m_PrefabParentObject: {fileID: 22408036, guid: 0b91c0c67766af54b8e5f8430270d95c,
    type: 2}
  m_PrefabInternal: {fileID: 65909048}
  m_GameObject: {fileID: 890661075}
  m_LocalRotation: {x: 0, y: 0, z: 0, w: 1}
  m_LocalPosition: {x: 0, y: 0, z: 0}
  m_LocalScale: {x: 1, y: 1, z: 1}
  m_Children: []
  m_Father: {fileID: 247667700}
  m_RootOrder: 7
  m_LocalEulerAnglesHint: {x: 0, y: 0, z: 0}
  m_AnchorMin: {x: 0.5, y: 0.5}
  m_AnchorMax: {x: 0.5, y: 0.5}
  m_AnchoredPosition: {x: 79, y: -68}
  m_SizeDelta: {x: 161, y: 111}
  m_Pivot: {x: 0.5, y: 0.5}
--- !u!114 &890661077
MonoBehaviour:
  m_ObjectHideFlags: 0
  m_PrefabParentObject: {fileID: 11408034, guid: 0b91c0c67766af54b8e5f8430270d95c,
    type: 2}
  m_PrefabInternal: {fileID: 65909048}
  m_GameObject: {fileID: 890661075}
  m_Enabled: 1
  m_EditorHideFlags: 0
  m_Script: {fileID: -765806418, guid: f5f67c52d1564df4a8936ccd202a3bd8, type: 3}
  m_Name: 
  m_EditorClassIdentifier: 
  m_Material: {fileID: 0}
  m_Color: {r: 0, g: 0.8, b: 0.3764706, a: 1}
  m_RaycastTarget: 1
  m_OnCullStateChanged:
    m_PersistentCalls:
      m_Calls: []
    m_TypeName: UnityEngine.UI.MaskableGraphic+CullStateChangedEvent, UnityEngine.UI,
      Version=1.0.0.0, Culture=neutral, PublicKeyToken=null
  m_Sprite: {fileID: 21300000, guid: 7ed1238760b863f4aafde32ab3a6f28c, type: 3}
  m_Type: 1
  m_PreserveAspect: 0
  m_FillCenter: 1
  m_FillMethod: 4
  m_FillAmount: 1
  m_FillClockwise: 1
  m_FillOrigin: 0
--- !u!222 &890661078
CanvasRenderer:
  m_ObjectHideFlags: 0
  m_PrefabParentObject: {fileID: 22208038, guid: 0b91c0c67766af54b8e5f8430270d95c,
    type: 2}
  m_PrefabInternal: {fileID: 65909048}
  m_GameObject: {fileID: 890661075}
--- !u!1 &977140192
GameObject:
  m_ObjectHideFlags: 0
  m_PrefabParentObject: {fileID: 108008, guid: 0b91c0c67766af54b8e5f8430270d95c, type: 2}
  m_PrefabInternal: {fileID: 65909048}
  serializedVersion: 5
  m_Component:
  - component: {fileID: 977140193}
  - component: {fileID: 977140195}
  - component: {fileID: 977140194}
  m_Layer: 5
  m_Name: Blocks
  m_TagString: Untagged
  m_Icon: {fileID: 0}
  m_NavMeshLayer: 0
  m_StaticEditorFlags: 0
  m_IsActive: 1
--- !u!224 &977140193
RectTransform:
  m_ObjectHideFlags: 0
  m_PrefabParentObject: {fileID: 22408008, guid: 0b91c0c67766af54b8e5f8430270d95c,
    type: 2}
  m_PrefabInternal: {fileID: 65909048}
  m_GameObject: {fileID: 977140192}
  m_LocalRotation: {x: 0, y: 0, z: 0, w: 1}
  m_LocalPosition: {x: 0, y: 0, z: 0}
  m_LocalScale: {x: 1, y: 1, z: 1}
  m_Children: []
  m_Father: {fileID: 247667700}
  m_RootOrder: 0
  m_LocalEulerAnglesHint: {x: 0, y: 0, z: 0}
  m_AnchorMin: {x: 0.5, y: 0.5}
  m_AnchorMax: {x: 0.5, y: 0.5}
  m_AnchoredPosition: {x: -242, y: -512}
  m_SizeDelta: {x: 161, y: 111}
  m_Pivot: {x: 0.5, y: 0.5}
--- !u!114 &977140194
MonoBehaviour:
  m_ObjectHideFlags: 0
  m_PrefabParentObject: {fileID: 11408004, guid: 0b91c0c67766af54b8e5f8430270d95c,
    type: 2}
  m_PrefabInternal: {fileID: 65909048}
  m_GameObject: {fileID: 977140192}
  m_Enabled: 1
  m_EditorHideFlags: 0
  m_Script: {fileID: -765806418, guid: f5f67c52d1564df4a8936ccd202a3bd8, type: 3}
  m_Name: 
  m_EditorClassIdentifier: 
  m_Material: {fileID: 0}
  m_Color: {r: 0.19215687, g: 0.42745098, b: 0.32156864, a: 1}
  m_RaycastTarget: 1
  m_OnCullStateChanged:
    m_PersistentCalls:
      m_Calls: []
    m_TypeName: UnityEngine.UI.MaskableGraphic+CullStateChangedEvent, UnityEngine.UI,
      Version=1.0.0.0, Culture=neutral, PublicKeyToken=null
  m_Sprite: {fileID: 21300000, guid: 7ed1238760b863f4aafde32ab3a6f28c, type: 3}
  m_Type: 1
  m_PreserveAspect: 0
  m_FillCenter: 1
  m_FillMethod: 4
  m_FillAmount: 1
  m_FillClockwise: 1
  m_FillOrigin: 0
--- !u!222 &977140195
CanvasRenderer:
  m_ObjectHideFlags: 0
  m_PrefabParentObject: {fileID: 22208010, guid: 0b91c0c67766af54b8e5f8430270d95c,
    type: 2}
  m_PrefabInternal: {fileID: 65909048}
  m_GameObject: {fileID: 977140192}
--- !u!1 &982587088
GameObject:
  m_ObjectHideFlags: 0
  m_PrefabParentObject: {fileID: 108040, guid: 0b91c0c67766af54b8e5f8430270d95c, type: 2}
  m_PrefabInternal: {fileID: 65909048}
  serializedVersion: 5
  m_Component:
  - component: {fileID: 982587089}
  - component: {fileID: 982587091}
  - component: {fileID: 982587090}
  m_Layer: 5
  m_Name: Blocks
  m_TagString: Untagged
  m_Icon: {fileID: 0}
  m_NavMeshLayer: 0
  m_StaticEditorFlags: 0
  m_IsActive: 1
--- !u!224 &982587089
RectTransform:
  m_ObjectHideFlags: 0
  m_PrefabParentObject: {fileID: 22408040, guid: 0b91c0c67766af54b8e5f8430270d95c,
    type: 2}
  m_PrefabInternal: {fileID: 65909048}
  m_GameObject: {fileID: 982587088}
  m_LocalRotation: {x: 0, y: 0, z: 0, w: 1}
  m_LocalPosition: {x: 0, y: 0, z: 0}
  m_LocalScale: {x: 1, y: 1, z: 1}
  m_Children: []
  m_Father: {fileID: 247667700}
  m_RootOrder: 6
  m_LocalEulerAnglesHint: {x: 0, y: 0, z: 0}
  m_AnchorMin: {x: 0.5, y: 0.5}
  m_AnchorMax: {x: 0.5, y: 0.5}
  m_AnchoredPosition: {x: 79, y: -179}
  m_SizeDelta: {x: 161, y: 111}
  m_Pivot: {x: 0.5, y: 0.5}
--- !u!114 &982587090
MonoBehaviour:
  m_ObjectHideFlags: 0
  m_PrefabParentObject: {fileID: 11408038, guid: 0b91c0c67766af54b8e5f8430270d95c,
    type: 2}
  m_PrefabInternal: {fileID: 65909048}
  m_GameObject: {fileID: 982587088}
  m_Enabled: 1
  m_EditorHideFlags: 0
  m_Script: {fileID: -765806418, guid: f5f67c52d1564df4a8936ccd202a3bd8, type: 3}
  m_Name: 
  m_EditorClassIdentifier: 
  m_Material: {fileID: 0}
  m_Color: {r: 0, g: 0.7372549, b: 0.37254903, a: 1}
  m_RaycastTarget: 1
  m_OnCullStateChanged:
    m_PersistentCalls:
      m_Calls: []
    m_TypeName: UnityEngine.UI.MaskableGraphic+CullStateChangedEvent, UnityEngine.UI,
      Version=1.0.0.0, Culture=neutral, PublicKeyToken=null
  m_Sprite: {fileID: 21300000, guid: 7ed1238760b863f4aafde32ab3a6f28c, type: 3}
  m_Type: 1
  m_PreserveAspect: 0
  m_FillCenter: 1
  m_FillMethod: 4
  m_FillAmount: 1
  m_FillClockwise: 1
  m_FillOrigin: 0
--- !u!222 &982587091
CanvasRenderer:
  m_ObjectHideFlags: 0
  m_PrefabParentObject: {fileID: 22208042, guid: 0b91c0c67766af54b8e5f8430270d95c,
    type: 2}
  m_PrefabInternal: {fileID: 65909048}
  m_GameObject: {fileID: 982587088}
--- !u!1 &1014611544
GameObject:
  m_ObjectHideFlags: 0
  m_PrefabParentObject: {fileID: 108032, guid: 0b91c0c67766af54b8e5f8430270d95c, type: 2}
  m_PrefabInternal: {fileID: 65909048}
  serializedVersion: 5
  m_Component:
  - component: {fileID: 1014611545}
  - component: {fileID: 1014611547}
  - component: {fileID: 1014611546}
  m_Layer: 5
  m_Name: Blocks
  m_TagString: Untagged
  m_Icon: {fileID: 0}
  m_NavMeshLayer: 0
  m_StaticEditorFlags: 0
  m_IsActive: 1
--- !u!224 &1014611545
RectTransform:
  m_ObjectHideFlags: 0
  m_PrefabParentObject: {fileID: 22408032, guid: 0b91c0c67766af54b8e5f8430270d95c,
    type: 2}
  m_PrefabInternal: {fileID: 65909048}
  m_GameObject: {fileID: 1014611544}
  m_LocalRotation: {x: 0, y: 0, z: 0, w: 1}
  m_LocalPosition: {x: 0, y: 0, z: 0}
  m_LocalScale: {x: 1, y: 1, z: 1}
  m_Children: []
  m_Father: {fileID: 247667700}
  m_RootOrder: 9
  m_LocalEulerAnglesHint: {x: 0, y: 0, z: 0}
  m_AnchorMin: {x: 0.5, y: 0.5}
  m_AnchorMax: {x: 0.5, y: 0.5}
  m_AnchoredPosition: {x: 79, y: 43}
  m_SizeDelta: {x: 161, y: 111}
  m_Pivot: {x: 0.5, y: 0.5}
--- !u!114 &1014611546
MonoBehaviour:
  m_ObjectHideFlags: 0
  m_PrefabParentObject: {fileID: 11408030, guid: 0b91c0c67766af54b8e5f8430270d95c,
    type: 2}
  m_PrefabInternal: {fileID: 65909048}
  m_GameObject: {fileID: 1014611544}
  m_Enabled: 1
  m_EditorHideFlags: 0
  m_Script: {fileID: -765806418, guid: f5f67c52d1564df4a8936ccd202a3bd8, type: 3}
  m_Name: 
  m_EditorClassIdentifier: 
  m_Material: {fileID: 0}
  m_Color: {r: 0, g: 0.8666667, b: 0.38431373, a: 1}
  m_RaycastTarget: 1
  m_OnCullStateChanged:
    m_PersistentCalls:
      m_Calls: []
    m_TypeName: UnityEngine.UI.MaskableGraphic+CullStateChangedEvent, UnityEngine.UI,
      Version=1.0.0.0, Culture=neutral, PublicKeyToken=null
  m_Sprite: {fileID: 21300000, guid: 7ed1238760b863f4aafde32ab3a6f28c, type: 3}
  m_Type: 1
  m_PreserveAspect: 0
  m_FillCenter: 1
  m_FillMethod: 4
  m_FillAmount: 1
  m_FillClockwise: 1
  m_FillOrigin: 0
--- !u!222 &1014611547
CanvasRenderer:
  m_ObjectHideFlags: 0
  m_PrefabParentObject: {fileID: 22208034, guid: 0b91c0c67766af54b8e5f8430270d95c,
    type: 2}
  m_PrefabInternal: {fileID: 65909048}
  m_GameObject: {fileID: 1014611544}
--- !u!1 &1035618975
GameObject:
  m_ObjectHideFlags: 0
  m_PrefabParentObject: {fileID: 108010, guid: 0b91c0c67766af54b8e5f8430270d95c, type: 2}
  m_PrefabInternal: {fileID: 65909048}
  serializedVersion: 5
  m_Component:
  - component: {fileID: 1035618976}
  - component: {fileID: 1035618978}
  - component: {fileID: 1035618977}
  m_Layer: 5
  m_Name: Blocks
  m_TagString: Untagged
  m_Icon: {fileID: 0}
  m_NavMeshLayer: 0
  m_StaticEditorFlags: 0
  m_IsActive: 1
--- !u!224 &1035618976
RectTransform:
  m_ObjectHideFlags: 0
  m_PrefabParentObject: {fileID: 22408010, guid: 0b91c0c67766af54b8e5f8430270d95c,
    type: 2}
  m_PrefabInternal: {fileID: 65909048}
  m_GameObject: {fileID: 1035618975}
  m_LocalRotation: {x: 0, y: 0, z: 0, w: 1}
  m_LocalPosition: {x: 0, y: 0, z: 0}
  m_LocalScale: {x: 1, y: 1, z: 1}
  m_Children: []
  m_Father: {fileID: 247667700}
  m_RootOrder: 1
  m_LocalEulerAnglesHint: {x: 0, y: 0, z: 0}
  m_AnchorMin: {x: 0.5, y: 0.5}
  m_AnchorMax: {x: 0.5, y: 0.5}
  m_AnchoredPosition: {x: -81, y: -512}
  m_SizeDelta: {x: 161, y: 111}
  m_Pivot: {x: 0.5, y: 0.5}
--- !u!114 &1035618977
MonoBehaviour:
  m_ObjectHideFlags: 0
  m_PrefabParentObject: {fileID: 11408006, guid: 0b91c0c67766af54b8e5f8430270d95c,
    type: 2}
  m_PrefabInternal: {fileID: 65909048}
  m_GameObject: {fileID: 1035618975}
  m_Enabled: 1
  m_EditorHideFlags: 0
  m_Script: {fileID: -765806418, guid: f5f67c52d1564df4a8936ccd202a3bd8, type: 3}
  m_Name: 
  m_EditorClassIdentifier: 
  m_Material: {fileID: 0}
  m_Color: {r: 0.19215687, g: 0.42745098, b: 0.32156864, a: 1}
  m_RaycastTarget: 1
  m_OnCullStateChanged:
    m_PersistentCalls:
      m_Calls: []
    m_TypeName: UnityEngine.UI.MaskableGraphic+CullStateChangedEvent, UnityEngine.UI,
      Version=1.0.0.0, Culture=neutral, PublicKeyToken=null
  m_Sprite: {fileID: 21300000, guid: 7ed1238760b863f4aafde32ab3a6f28c, type: 3}
  m_Type: 1
  m_PreserveAspect: 0
  m_FillCenter: 1
  m_FillMethod: 4
  m_FillAmount: 1
  m_FillClockwise: 1
  m_FillOrigin: 0
--- !u!222 &1035618978
CanvasRenderer:
  m_ObjectHideFlags: 0
  m_PrefabParentObject: {fileID: 22208012, guid: 0b91c0c67766af54b8e5f8430270d95c,
    type: 2}
  m_PrefabInternal: {fileID: 65909048}
  m_GameObject: {fileID: 1035618975}
--- !u!1 &1183491456
GameObject:
  m_ObjectHideFlags: 0
  m_PrefabParentObject: {fileID: 108018, guid: 0b91c0c67766af54b8e5f8430270d95c, type: 2}
  m_PrefabInternal: {fileID: 65909048}
  serializedVersion: 5
  m_Component:
  - component: {fileID: 1183491457}
  - component: {fileID: 1183491459}
  - component: {fileID: 1183491458}
  m_Layer: 5
  m_Name: Text
  m_TagString: Untagged
  m_Icon: {fileID: 0}
  m_NavMeshLayer: 0
  m_StaticEditorFlags: 0
  m_IsActive: 1
--- !u!224 &1183491457
RectTransform:
  m_ObjectHideFlags: 0
  m_PrefabParentObject: {fileID: 22408018, guid: 0b91c0c67766af54b8e5f8430270d95c,
    type: 2}
  m_PrefabInternal: {fileID: 65909048}
  m_GameObject: {fileID: 1183491456}
  m_LocalRotation: {x: 0, y: 0, z: 0, w: 1}
  m_LocalPosition: {x: 0, y: 0, z: 0}
  m_LocalScale: {x: 1, y: 1, z: 1}
  m_Children: []
  m_Father: {fileID: 1770454816}
  m_RootOrder: 1
  m_LocalEulerAnglesHint: {x: 0, y: 0, z: 0}
  m_AnchorMin: {x: 0.5, y: 0.5}
  m_AnchorMax: {x: 0.5, y: 0.5}
  m_AnchoredPosition: {x: -229, y: -204}
  m_SizeDelta: {x: 586, y: 167}
  m_Pivot: {x: 0.5, y: 0.5}
--- !u!114 &1183491458
MonoBehaviour:
  m_ObjectHideFlags: 0
  m_PrefabParentObject: {fileID: 11408016, guid: 0b91c0c67766af54b8e5f8430270d95c,
    type: 2}
  m_PrefabInternal: {fileID: 65909048}
  m_GameObject: {fileID: 1183491456}
  m_Enabled: 1
  m_EditorHideFlags: 0
  m_Script: {fileID: 708705254, guid: f5f67c52d1564df4a8936ccd202a3bd8, type: 3}
  m_Name: 
  m_EditorClassIdentifier: 
  m_Material: {fileID: 0}
  m_Color: {r: 0.9529412, g: 0.9019608, b: 0.76862746, a: 1}
  m_RaycastTarget: 1
  m_OnCullStateChanged:
    m_PersistentCalls:
      m_Calls: []
    m_TypeName: UnityEngine.UI.MaskableGraphic+CullStateChangedEvent, UnityEngine.UI,
      Version=1.0.0.0, Culture=neutral, PublicKeyToken=null
  m_FontData:
    m_Font: {fileID: 12800000, guid: 5c425d43bb0df45ca8eb162d5154251e, type: 3}
    m_FontSize: 100
    m_FontStyle: 0
    m_BestFit: 0
    m_MinSize: 10
    m_MaxSize: 100
    m_Alignment: 4
    m_AlignByGeometry: 0
    m_RichText: 1
    m_HorizontalOverflow: 0
    m_VerticalOverflow: 0
    m_LineSpacing: 1
  m_Text: SQUARES
--- !u!222 &1183491459
CanvasRenderer:
  m_ObjectHideFlags: 0
  m_PrefabParentObject: {fileID: 22208020, guid: 0b91c0c67766af54b8e5f8430270d95c,
    type: 2}
  m_PrefabInternal: {fileID: 65909048}
  m_GameObject: {fileID: 1183491456}
--- !u!1 &1244090668
GameObject:
  m_ObjectHideFlags: 0
  m_PrefabParentObject: {fileID: 108004, guid: 0b91c0c67766af54b8e5f8430270d95c, type: 2}
  m_PrefabInternal: {fileID: 65909048}
  serializedVersion: 5
  m_Component:
  - component: {fileID: 1244090669}
  - component: {fileID: 1244090671}
  - component: {fileID: 1244090670}
  m_Layer: 5
  m_Name: AppTitle
  m_TagString: Untagged
  m_Icon: {fileID: 0}
  m_NavMeshLayer: 0
  m_StaticEditorFlags: 0
  m_IsActive: 1
--- !u!224 &1244090669
RectTransform:
  m_ObjectHideFlags: 0
  m_PrefabParentObject: {fileID: 22408004, guid: 0b91c0c67766af54b8e5f8430270d95c,
    type: 2}
  m_PrefabInternal: {fileID: 65909048}
  m_GameObject: {fileID: 1244090668}
  m_LocalRotation: {x: 0, y: 0, z: 0, w: 1}
  m_LocalPosition: {x: 0, y: 0, z: 0}
  m_LocalScale: {x: 1, y: 1, z: 1}
  m_Children:
  - {fileID: 623253926}
  m_Father: {fileID: 1836055326}
  m_RootOrder: 0
  m_LocalEulerAnglesHint: {x: 0, y: 0, z: 0}
  m_AnchorMin: {x: 0.5, y: 0.5}
  m_AnchorMax: {x: 0.5, y: 0.5}
  m_AnchoredPosition: {x: 27.495, y: 633}
  m_SizeDelta: {x: 695, y: 109}
  m_Pivot: {x: 0.5, y: 0.5}
--- !u!114 &1244090670
MonoBehaviour:
  m_ObjectHideFlags: 0
  m_PrefabParentObject: {fileID: 11408000, guid: 0b91c0c67766af54b8e5f8430270d95c,
    type: 2}
  m_PrefabInternal: {fileID: 65909048}
  m_GameObject: {fileID: 1244090668}
  m_Enabled: 1
  m_EditorHideFlags: 0
  m_Script: {fileID: 708705254, guid: f5f67c52d1564df4a8936ccd202a3bd8, type: 3}
  m_Name: 
  m_EditorClassIdentifier: 
  m_Material: {fileID: 0}
  m_Color: {r: 0.85490197, g: 0.85490197, b: 0.85490197, a: 1}
  m_RaycastTarget: 1
  m_OnCullStateChanged:
    m_PersistentCalls:
      m_Calls: []
    m_TypeName: UnityEngine.UI.MaskableGraphic+CullStateChangedEvent, UnityEngine.UI,
      Version=1.0.0.0, Culture=neutral, PublicKeyToken=null
  m_FontData:
    m_Font: {fileID: 12800000, guid: 218956a5c2a6e42d6a60afccf80b002b, type: 3}
    m_FontSize: 102
    m_FontStyle: 0
    m_BestFit: 0
    m_MinSize: 10
    m_MaxSize: 102
    m_Alignment: 0
    m_AlignByGeometry: 0
    m_RichText: 1
    m_HorizontalOverflow: 0
    m_VerticalOverflow: 1
    m_LineSpacing: 1
  m_Text: GAME
--- !u!222 &1244090671
CanvasRenderer:
  m_ObjectHideFlags: 0
  m_PrefabParentObject: {fileID: 22208006, guid: 0b91c0c67766af54b8e5f8430270d95c,
    type: 2}
  m_PrefabInternal: {fileID: 65909048}
  m_GameObject: {fileID: 1244090668}
--- !u!1 &1273750692
GameObject:
  m_ObjectHideFlags: 0
  m_PrefabParentObject: {fileID: 108014, guid: 0b91c0c67766af54b8e5f8430270d95c, type: 2}
  m_PrefabInternal: {fileID: 65909048}
  serializedVersion: 5
  m_Component:
  - component: {fileID: 1273750693}
  - component: {fileID: 1273750695}
  - component: {fileID: 1273750694}
  m_Layer: 5
  m_Name: Blocks
  m_TagString: Untagged
  m_Icon: {fileID: 0}
  m_NavMeshLayer: 0
  m_StaticEditorFlags: 0
  m_IsActive: 1
--- !u!224 &1273750693
RectTransform:
  m_ObjectHideFlags: 0
  m_PrefabParentObject: {fileID: 22408014, guid: 0b91c0c67766af54b8e5f8430270d95c,
    type: 2}
  m_PrefabInternal: {fileID: 65909048}
  m_GameObject: {fileID: 1273750692}
  m_LocalRotation: {x: 0, y: 0, z: 0, w: 1}
  m_LocalPosition: {x: 0, y: 0, z: 0}
  m_LocalScale: {x: 1, y: 1, z: 1}
  m_Children: []
  m_Father: {fileID: 247667700}
  m_RootOrder: 5
  m_LocalEulerAnglesHint: {x: 0, y: 0, z: 0}
  m_AnchorMin: {x: 0.5, y: 0.5}
  m_AnchorMax: {x: 0.5, y: 0.5}
  m_AnchoredPosition: {x: 79, y: -290}
  m_SizeDelta: {x: 161, y: 111}
  m_Pivot: {x: 0.5, y: 0.5}
--- !u!114 &1273750694
MonoBehaviour:
  m_ObjectHideFlags: 0
  m_PrefabParentObject: {fileID: 11408010, guid: 0b91c0c67766af54b8e5f8430270d95c,
    type: 2}
  m_PrefabInternal: {fileID: 65909048}
  m_GameObject: {fileID: 1273750692}
  m_Enabled: 1
  m_EditorHideFlags: 0
  m_Script: {fileID: -765806418, guid: f5f67c52d1564df4a8936ccd202a3bd8, type: 3}
  m_Name: 
  m_EditorClassIdentifier: 
  m_Material: {fileID: 0}
  m_Color: {r: 0, g: 0.6784314, b: 0.36078432, a: 1}
  m_RaycastTarget: 1
  m_OnCullStateChanged:
    m_PersistentCalls:
      m_Calls: []
    m_TypeName: UnityEngine.UI.MaskableGraphic+CullStateChangedEvent, UnityEngine.UI,
      Version=1.0.0.0, Culture=neutral, PublicKeyToken=null
  m_Sprite: {fileID: 21300000, guid: 7ed1238760b863f4aafde32ab3a6f28c, type: 3}
  m_Type: 1
  m_PreserveAspect: 0
  m_FillCenter: 1
  m_FillMethod: 4
  m_FillAmount: 1
  m_FillClockwise: 1
  m_FillOrigin: 0
--- !u!222 &1273750695
CanvasRenderer:
  m_ObjectHideFlags: 0
  m_PrefabParentObject: {fileID: 22208016, guid: 0b91c0c67766af54b8e5f8430270d95c,
    type: 2}
  m_PrefabInternal: {fileID: 65909048}
  m_GameObject: {fileID: 1273750692}
--- !u!1 &1500371475
GameObject:
  m_ObjectHideFlags: 0
  m_PrefabParentObject: {fileID: 0}
  m_PrefabInternal: {fileID: 0}
  serializedVersion: 5
  m_Component:
  - component: {fileID: 1500371479}
  - component: {fileID: 1500371478}
  - component: {fileID: 1500371477}
  - component: {fileID: 1500371476}
  m_Layer: 0
  m_Name: EventSystem
  m_TagString: Untagged
  m_Icon: {fileID: 0}
  m_NavMeshLayer: 0
  m_StaticEditorFlags: 0
  m_IsActive: 1
--- !u!114 &1500371476
MonoBehaviour:
  m_ObjectHideFlags: 0
  m_PrefabParentObject: {fileID: 0}
  m_PrefabInternal: {fileID: 0}
  m_GameObject: {fileID: 1500371475}
  m_Enabled: 1
  m_EditorHideFlags: 0
  m_Script: {fileID: 1997211142, guid: f5f67c52d1564df4a8936ccd202a3bd8, type: 3}
  m_Name: 
  m_EditorClassIdentifier: 
  m_ForceModuleActive: 0
--- !u!114 &1500371477
MonoBehaviour:
  m_ObjectHideFlags: 0
  m_PrefabParentObject: {fileID: 0}
  m_PrefabInternal: {fileID: 0}
  m_GameObject: {fileID: 1500371475}
  m_Enabled: 1
  m_EditorHideFlags: 0
  m_Script: {fileID: 1077351063, guid: f5f67c52d1564df4a8936ccd202a3bd8, type: 3}
  m_Name: 
  m_EditorClassIdentifier: 
  m_HorizontalAxis: Horizontal
  m_VerticalAxis: Vertical
  m_SubmitButton: Submit
  m_CancelButton: Cancel
  m_InputActionsPerSecond: 10
  m_RepeatDelay: 0.5
  m_ForceModuleActive: 0
--- !u!114 &1500371478
MonoBehaviour:
  m_ObjectHideFlags: 0
  m_PrefabParentObject: {fileID: 0}
  m_PrefabInternal: {fileID: 0}
  m_GameObject: {fileID: 1500371475}
  m_Enabled: 1
  m_EditorHideFlags: 0
  m_Script: {fileID: -619905303, guid: f5f67c52d1564df4a8936ccd202a3bd8, type: 3}
  m_Name: 
  m_EditorClassIdentifier: 
  m_FirstSelected: {fileID: 0}
  m_sendNavigationEvents: 1
  m_DragThreshold: 5
--- !u!4 &1500371479
Transform:
  m_ObjectHideFlags: 0
  m_PrefabParentObject: {fileID: 0}
  m_PrefabInternal: {fileID: 0}
  m_GameObject: {fileID: 1500371475}
  m_LocalRotation: {x: 0, y: 0, z: 0, w: 1}
  m_LocalPosition: {x: 0, y: 0, z: 0}
  m_LocalScale: {x: 1, y: 1, z: 1}
  m_Children: []
  m_Father: {fileID: 0}
  m_RootOrder: 1
  m_LocalEulerAnglesHint: {x: 0, y: 0, z: 0}
--- !u!1 &1511305452
GameObject:
  m_ObjectHideFlags: 0
  m_PrefabParentObject: {fileID: 0}
  m_PrefabInternal: {fileID: 0}
  serializedVersion: 5
  m_Component:
  - component: {fileID: 1511305453}
  m_Layer: 0
  m_Name: __SET_YOUR_GAMESCREEN_TO_640x1136
  m_TagString: Untagged
  m_Icon: {fileID: 0}
  m_NavMeshLayer: 0
  m_StaticEditorFlags: 0
  m_IsActive: 1
--- !u!4 &1511305453
Transform:
  m_ObjectHideFlags: 0
  m_PrefabParentObject: {fileID: 0}
  m_PrefabInternal: {fileID: 0}
  m_GameObject: {fileID: 1511305452}
  m_LocalRotation: {x: 0, y: 0, z: 0, w: 1}
  m_LocalPosition: {x: 494.995, y: 627.74, z: 0}
  m_LocalScale: {x: 1, y: 1, z: 1}
  m_Children: []
  m_Father: {fileID: 0}
  m_RootOrder: 2
  m_LocalEulerAnglesHint: {x: 0, y: 0, z: 0}
--- !u!1 &1548384337
GameObject:
  m_ObjectHideFlags: 0
  m_PrefabParentObject: {fileID: 108028, guid: 0b91c0c67766af54b8e5f8430270d95c, type: 2}
  m_PrefabInternal: {fileID: 65909048}
  serializedVersion: 5
  m_Component:
  - component: {fileID: 1548384338}
  - component: {fileID: 1548384340}
  - component: {fileID: 1548384339}
  m_Layer: 5
  m_Name: Blocks
  m_TagString: Untagged
  m_Icon: {fileID: 0}
  m_NavMeshLayer: 0
  m_StaticEditorFlags: 0
  m_IsActive: 1
--- !u!224 &1548384338
RectTransform:
  m_ObjectHideFlags: 0
  m_PrefabParentObject: {fileID: 22408028, guid: 0b91c0c67766af54b8e5f8430270d95c,
    type: 2}
  m_PrefabInternal: {fileID: 65909048}
  m_GameObject: {fileID: 1548384337}
  m_LocalRotation: {x: 0, y: 0, z: 0, w: 1}
  m_LocalPosition: {x: 0, y: 0, z: 0}
  m_LocalScale: {x: 1, y: 1, z: 1}
  m_Children: []
  m_Father: {fileID: 247667700}
  m_RootOrder: 10
  m_LocalEulerAnglesHint: {x: 0, y: 0, z: 0}
  m_AnchorMin: {x: 0.5, y: 0.5}
  m_AnchorMax: {x: 0.5, y: 0.5}
  m_AnchoredPosition: {x: -78.5, y: -401}
  m_SizeDelta: {x: 161, y: 111}
  m_Pivot: {x: 0.5, y: 0.5}
--- !u!114 &1548384339
MonoBehaviour:
  m_ObjectHideFlags: 0
  m_PrefabParentObject: {fileID: 11408026, guid: 0b91c0c67766af54b8e5f8430270d95c,
    type: 2}
  m_PrefabInternal: {fileID: 65909048}
  m_GameObject: {fileID: 1548384337}
  m_Enabled: 1
  m_EditorHideFlags: 0
  m_Script: {fileID: -765806418, guid: f5f67c52d1564df4a8936ccd202a3bd8, type: 3}
  m_Name: 
  m_EditorClassIdentifier: 
  m_Material: {fileID: 0}
  m_Color: {r: 0.02745098, g: 0.4862745, b: 0.32941177, a: 1}
  m_RaycastTarget: 1
  m_OnCullStateChanged:
    m_PersistentCalls:
      m_Calls: []
    m_TypeName: UnityEngine.UI.MaskableGraphic+CullStateChangedEvent, UnityEngine.UI,
      Version=1.0.0.0, Culture=neutral, PublicKeyToken=null
  m_Sprite: {fileID: 21300000, guid: 7ed1238760b863f4aafde32ab3a6f28c, type: 3}
  m_Type: 1
  m_PreserveAspect: 0
  m_FillCenter: 1
  m_FillMethod: 4
  m_FillAmount: 1
  m_FillClockwise: 1
  m_FillOrigin: 0
--- !u!222 &1548384340
CanvasRenderer:
  m_ObjectHideFlags: 0
  m_PrefabParentObject: {fileID: 22208030, guid: 0b91c0c67766af54b8e5f8430270d95c,
    type: 2}
  m_PrefabInternal: {fileID: 65909048}
  m_GameObject: {fileID: 1548384337}
--- !u!1 &1730553618
GameObject:
  m_ObjectHideFlags: 0
  m_PrefabParentObject: {fileID: 108020, guid: 0b91c0c67766af54b8e5f8430270d95c, type: 2}
  m_PrefabInternal: {fileID: 65909048}
  serializedVersion: 5
  m_Component:
  - component: {fileID: 1730553619}
  - component: {fileID: 1730553621}
  - component: {fileID: 1730553620}
  m_Layer: 5
  m_Name: Blocks
  m_TagString: Untagged
  m_Icon: {fileID: 0}
  m_NavMeshLayer: 0
  m_StaticEditorFlags: 0
  m_IsActive: 1
--- !u!224 &1730553619
RectTransform:
  m_ObjectHideFlags: 0
  m_PrefabParentObject: {fileID: 22408020, guid: 0b91c0c67766af54b8e5f8430270d95c,
    type: 2}
  m_PrefabInternal: {fileID: 65909048}
  m_GameObject: {fileID: 1730553618}
  m_LocalRotation: {x: 0, y: 0, z: 0, w: 1}
  m_LocalPosition: {x: 0, y: 0, z: 0}
  m_LocalScale: {x: 1, y: 1, z: 1}
  m_Children: []
  m_Father: {fileID: 247667700}
  m_RootOrder: 8
  m_LocalEulerAnglesHint: {x: 0, y: 0, z: 0}
  m_AnchorMin: {x: 0.5, y: 0.5}
  m_AnchorMax: {x: 0.5, y: 0.5}
  m_AnchoredPosition: {x: -239.5, y: -401}
  m_SizeDelta: {x: 161, y: 111}
  m_Pivot: {x: 0.5, y: 0.5}
--- !u!114 &1730553620
MonoBehaviour:
  m_ObjectHideFlags: 0
  m_PrefabParentObject: {fileID: 11408018, guid: 0b91c0c67766af54b8e5f8430270d95c,
    type: 2}
  m_PrefabInternal: {fileID: 65909048}
  m_GameObject: {fileID: 1730553618}
  m_Enabled: 1
  m_EditorHideFlags: 0
  m_Script: {fileID: -765806418, guid: f5f67c52d1564df4a8936ccd202a3bd8, type: 3}
  m_Name: 
  m_EditorClassIdentifier: 
  m_Material: {fileID: 0}
  m_Color: {r: 0, g: 0.6784314, b: 0.36078432, a: 1}
  m_RaycastTarget: 1
  m_OnCullStateChanged:
    m_PersistentCalls:
      m_Calls: []
    m_TypeName: UnityEngine.UI.MaskableGraphic+CullStateChangedEvent, UnityEngine.UI,
      Version=1.0.0.0, Culture=neutral, PublicKeyToken=null
  m_Sprite: {fileID: 21300000, guid: 7ed1238760b863f4aafde32ab3a6f28c, type: 3}
  m_Type: 1
  m_PreserveAspect: 0
  m_FillCenter: 1
  m_FillMethod: 4
  m_FillAmount: 1
  m_FillClockwise: 1
  m_FillOrigin: 0
--- !u!222 &1730553621
CanvasRenderer:
  m_ObjectHideFlags: 0
  m_PrefabParentObject: {fileID: 22208022, guid: 0b91c0c67766af54b8e5f8430270d95c,
    type: 2}
  m_PrefabInternal: {fileID: 65909048}
  m_GameObject: {fileID: 1730553618}
--- !u!1 &1746297439
GameObject:
  m_ObjectHideFlags: 0
  m_PrefabParentObject: {fileID: 108022, guid: 0b91c0c67766af54b8e5f8430270d95c, type: 2}
  m_PrefabInternal: {fileID: 65909048}
  serializedVersion: 5
  m_Component:
  - component: {fileID: 1746297440}
  - component: {fileID: 1746297442}
  - component: {fileID: 1746297441}
  m_Layer: 5
  m_Name: Blocks
  m_TagString: Untagged
  m_Icon: {fileID: 0}
  m_NavMeshLayer: 0
  m_StaticEditorFlags: 0
  m_IsActive: 1
--- !u!224 &1746297440
RectTransform:
  m_ObjectHideFlags: 0
  m_PrefabParentObject: {fileID: 22408022, guid: 0b91c0c67766af54b8e5f8430270d95c,
    type: 2}
  m_PrefabInternal: {fileID: 65909048}
  m_GameObject: {fileID: 1746297439}
  m_LocalRotation: {x: 0, y: 0, z: 0, w: 1}
  m_LocalPosition: {x: 0, y: 0, z: 0}
  m_LocalScale: {x: 1, y: 1, z: 1}
  m_Children: []
  m_Father: {fileID: 247667700}
  m_RootOrder: 12
  m_LocalEulerAnglesHint: {x: 0, y: 0, z: 0}
  m_AnchorMin: {x: 0.5, y: 0.5}
  m_AnchorMax: {x: 0.5, y: 0.5}
  m_AnchoredPosition: {x: -82, y: -19}
  m_SizeDelta: {x: 161, y: 111}
  m_Pivot: {x: 0.5, y: 0.5}
--- !u!114 &1746297441
MonoBehaviour:
  m_ObjectHideFlags: 0
  m_PrefabParentObject: {fileID: 11408020, guid: 0b91c0c67766af54b8e5f8430270d95c,
    type: 2}
  m_PrefabInternal: {fileID: 65909048}
  m_GameObject: {fileID: 1746297439}
  m_Enabled: 1
  m_EditorHideFlags: 0
  m_Script: {fileID: -765806418, guid: f5f67c52d1564df4a8936ccd202a3bd8, type: 3}
  m_Name: 
  m_EditorClassIdentifier: 
  m_Material: {fileID: 0}
  m_Color: {r: 0, g: 0.54901963, b: 0.3372549, a: 1}
  m_RaycastTarget: 1
  m_OnCullStateChanged:
    m_PersistentCalls:
      m_Calls: []
    m_TypeName: UnityEngine.UI.MaskableGraphic+CullStateChangedEvent, UnityEngine.UI,
      Version=1.0.0.0, Culture=neutral, PublicKeyToken=null
  m_Sprite: {fileID: 21300000, guid: 7ed1238760b863f4aafde32ab3a6f28c, type: 3}
  m_Type: 1
  m_PreserveAspect: 0
  m_FillCenter: 1
  m_FillMethod: 4
  m_FillAmount: 1
  m_FillClockwise: 1
  m_FillOrigin: 0
--- !u!222 &1746297442
CanvasRenderer:
  m_ObjectHideFlags: 0
  m_PrefabParentObject: {fileID: 22208024, guid: 0b91c0c67766af54b8e5f8430270d95c,
    type: 2}
  m_PrefabInternal: {fileID: 65909048}
  m_GameObject: {fileID: 1746297439}
--- !u!1 &1770454815
GameObject:
  m_ObjectHideFlags: 0
  m_PrefabParentObject: {fileID: 108002, guid: 0b91c0c67766af54b8e5f8430270d95c, type: 2}
  m_PrefabInternal: {fileID: 65909048}
  serializedVersion: 5
  m_Component:
  - component: {fileID: 1770454816}
  - component: {fileID: 1770454818}
  - component: {fileID: 1770454817}
  m_Layer: 5
  m_Name: InfoTexts
  m_TagString: Untagged
  m_Icon: {fileID: 0}
  m_NavMeshLayer: 0
  m_StaticEditorFlags: 0
  m_IsActive: 1
--- !u!224 &1770454816
RectTransform:
  m_ObjectHideFlags: 0
  m_PrefabParentObject: {fileID: 22408002, guid: 0b91c0c67766af54b8e5f8430270d95c,
    type: 2}
  m_PrefabInternal: {fileID: 65909048}
  m_GameObject: {fileID: 1770454815}
  m_LocalRotation: {x: 0, y: 0, z: 0, w: 1}
  m_LocalPosition: {x: 0, y: 0, z: 0}
  m_LocalScale: {x: 1, y: 1, z: 1}
  m_Children:
  - {fileID: 1905483954}
  - {fileID: 1183491457}
  m_Father: {fileID: 247667700}
  m_RootOrder: 14
  m_LocalEulerAnglesHint: {x: 0, y: 0, z: 0}
  m_AnchorMin: {x: 0.5, y: 0.5}
  m_AnchorMax: {x: 0.5, y: 0.5}
  m_AnchoredPosition: {x: 229, y: 518}
  m_SizeDelta: {x: 216, y: 107}
  m_Pivot: {x: 0.5, y: 0.5}
--- !u!114 &1770454817
MonoBehaviour:
  m_ObjectHideFlags: 0
  m_PrefabParentObject: {fileID: 11407998, guid: 0b91c0c67766af54b8e5f8430270d95c,
    type: 2}
  m_PrefabInternal: {fileID: 65909048}
  m_GameObject: {fileID: 1770454815}
  m_Enabled: 1
  m_EditorHideFlags: 0
  m_Script: {fileID: 708705254, guid: f5f67c52d1564df4a8936ccd202a3bd8, type: 3}
  m_Name: 
  m_EditorClassIdentifier: 
  m_Material: {fileID: 0}
  m_Color: {r: 0.9529412, g: 0.9019608, b: 0.76862746, a: 1}
  m_RaycastTarget: 1
  m_OnCullStateChanged:
    m_PersistentCalls:
      m_Calls: []
    m_TypeName: UnityEngine.UI.MaskableGraphic+CullStateChangedEvent, UnityEngine.UI,
      Version=1.0.0.0, Culture=neutral, PublicKeyToken=null
  m_FontData:
    m_Font: {fileID: 12800000, guid: bd1ea67ca2b5742d1a24fcbdc17c55e1, type: 3}
    m_FontSize: 32
    m_FontStyle: 0
    m_BestFit: 0
    m_MinSize: 10
    m_MaxSize: 40
    m_Alignment: 4
    m_AlignByGeometry: 0
    m_RichText: 1
    m_HorizontalOverflow: 0
    m_VerticalOverflow: 0
    m_LineSpacing: 1
  m_Text: 4580
--- !u!222 &1770454818
CanvasRenderer:
  m_ObjectHideFlags: 0
  m_PrefabParentObject: {fileID: 22208004, guid: 0b91c0c67766af54b8e5f8430270d95c,
    type: 2}
  m_PrefabInternal: {fileID: 65909048}
  m_GameObject: {fileID: 1770454815}
--- !u!1 &1836055322
GameObject:
  m_ObjectHideFlags: 0
  m_PrefabParentObject: {fileID: 108042, guid: 0b91c0c67766af54b8e5f8430270d95c, type: 2}
  m_PrefabInternal: {fileID: 65909048}
  serializedVersion: 5
  m_Component:
  - component: {fileID: 1836055326}
  - component: {fileID: 1836055325}
  - component: {fileID: 1836055324}
  - component: {fileID: 1836055323}
  m_Layer: 5
  m_Name: GameExample_10
  m_TagString: Untagged
  m_Icon: {fileID: 0}
  m_NavMeshLayer: 0
  m_StaticEditorFlags: 0
  m_IsActive: 1
--- !u!114 &1836055323
MonoBehaviour:
  m_ObjectHideFlags: 0
  m_PrefabParentObject: {fileID: 11408042, guid: 0b91c0c67766af54b8e5f8430270d95c,
    type: 2}
  m_PrefabInternal: {fileID: 65909048}
  m_GameObject: {fileID: 1836055322}
  m_Enabled: 1
  m_EditorHideFlags: 0
  m_Script: {fileID: 1301386320, guid: f5f67c52d1564df4a8936ccd202a3bd8, type: 3}
  m_Name: 
  m_EditorClassIdentifier: 
  m_IgnoreReversedGraphics: 1
  m_BlockingObjects: 0
  m_BlockingMask:
    serializedVersion: 2
    m_Bits: 4294967295
--- !u!114 &1836055324
MonoBehaviour:
  m_ObjectHideFlags: 0
  m_PrefabParentObject: {fileID: 11408040, guid: 0b91c0c67766af54b8e5f8430270d95c,
    type: 2}
  m_PrefabInternal: {fileID: 65909048}
  m_GameObject: {fileID: 1836055322}
  m_Enabled: 1
  m_EditorHideFlags: 0
  m_Script: {fileID: 1980459831, guid: f5f67c52d1564df4a8936ccd202a3bd8, type: 3}
  m_Name: 
  m_EditorClassIdentifier: 
  m_UiScaleMode: 1
  m_ReferencePixelsPerUnit: 100
  m_ScaleFactor: 1
  m_ReferenceResolution: {x: 640, y: 1136}
  m_ScreenMatchMode: 0
  m_MatchWidthOrHeight: 1
  m_PhysicalUnit: 3
  m_FallbackScreenDPI: 96
  m_DefaultSpriteDPI: 96
  m_DynamicPixelsPerUnit: 1
--- !u!223 &1836055325
Canvas:
  m_ObjectHideFlags: 0
  m_PrefabParentObject: {fileID: 22308042, guid: 0b91c0c67766af54b8e5f8430270d95c,
    type: 2}
  m_PrefabInternal: {fileID: 65909048}
  m_GameObject: {fileID: 1836055322}
  m_Enabled: 1
  serializedVersion: 3
  m_RenderMode: 0
  m_Camera: {fileID: 0}
  m_PlaneDistance: 100
  m_PixelPerfect: 1
  m_ReceivesEvents: 1
  m_OverrideSorting: 0
  m_OverridePixelPerfect: 0
  m_SortingBucketNormalizedSize: 0
  m_AdditionalShaderChannelsFlag: 25
  m_SortingLayerID: 0
  m_SortingOrder: 0
  m_TargetDisplay: 0
--- !u!224 &1836055326
RectTransform:
  m_ObjectHideFlags: 0
  m_PrefabParentObject: {fileID: 22408042, guid: 0b91c0c67766af54b8e5f8430270d95c,
    type: 2}
  m_PrefabInternal: {fileID: 65909048}
  m_GameObject: {fileID: 1836055322}
  m_LocalRotation: {x: 0, y: 0, z: 0, w: 1}
  m_LocalPosition: {x: 0, y: 0, z: 0}
  m_LocalScale: {x: 0, y: 0, z: 0}
  m_Children:
  - {fileID: 1244090669}
  - {fileID: 247667700}
  m_Father: {fileID: 0}
  m_RootOrder: 0
  m_LocalEulerAnglesHint: {x: 0, y: 0, z: 0}
  m_AnchorMin: {x: 0, y: 0}
  m_AnchorMax: {x: 0, y: 0}
  m_AnchoredPosition: {x: 0, y: 0}
  m_SizeDelta: {x: 0, y: 0}
  m_Pivot: {x: 0, y: 0}
--- !u!1 &1905483953
GameObject:
  m_ObjectHideFlags: 0
  m_PrefabParentObject: {fileID: 108012, guid: 0b91c0c67766af54b8e5f8430270d95c, type: 2}
  m_PrefabInternal: {fileID: 65909048}
  serializedVersion: 5
  m_Component:
  - component: {fileID: 1905483954}
  - component: {fileID: 1905483956}
  - component: {fileID: 1905483955}
  m_Layer: 5
  m_Name: Text
  m_TagString: Untagged
  m_Icon: {fileID: 0}
  m_NavMeshLayer: 0
  m_StaticEditorFlags: 0
  m_IsActive: 1
--- !u!224 &1905483954
RectTransform:
  m_ObjectHideFlags: 0
  m_PrefabParentObject: {fileID: 22408012, guid: 0b91c0c67766af54b8e5f8430270d95c,
    type: 2}
  m_PrefabInternal: {fileID: 65909048}
  m_GameObject: {fileID: 1905483953}
  m_LocalRotation: {x: 0, y: 0, z: 0, w: 1}
  m_LocalPosition: {x: 0, y: 0, z: 0}
  m_LocalScale: {x: 1, y: 1, z: 1}
  m_Children: []
  m_Father: {fileID: 1770454816}
  m_RootOrder: 0
  m_LocalEulerAnglesHint: {x: 0, y: 0, z: 0}
  m_AnchorMin: {x: 0.5, y: 0.5}
  m_AnchorMax: {x: 0.5, y: 0.5}
  m_AnchoredPosition: {x: -441, y: 0}
  m_SizeDelta: {x: 216, y: 107}
  m_Pivot: {x: 0.5, y: 0.5}
--- !u!114 &1905483955
MonoBehaviour:
  m_ObjectHideFlags: 0
  m_PrefabParentObject: {fileID: 11408008, guid: 0b91c0c67766af54b8e5f8430270d95c,
    type: 2}
  m_PrefabInternal: {fileID: 65909048}
  m_GameObject: {fileID: 1905483953}
  m_Enabled: 1
  m_EditorHideFlags: 0
  m_Script: {fileID: 708705254, guid: f5f67c52d1564df4a8936ccd202a3bd8, type: 3}
  m_Name: 
  m_EditorClassIdentifier: 
  m_Material: {fileID: 0}
  m_Color: {r: 0.9529412, g: 0.9019608, b: 0.76862746, a: 1}
  m_RaycastTarget: 1
  m_OnCullStateChanged:
    m_PersistentCalls:
      m_Calls: []
    m_TypeName: UnityEngine.UI.MaskableGraphic+CullStateChangedEvent, UnityEngine.UI,
      Version=1.0.0.0, Culture=neutral, PublicKeyToken=null
  m_FontData:
    m_Font: {fileID: 12800000, guid: bd1ea67ca2b5742d1a24fcbdc17c55e1, type: 3}
    m_FontSize: 32
    m_FontStyle: 0
    m_BestFit: 0
    m_MinSize: 10
    m_MaxSize: 40
    m_Alignment: 4
    m_AlignByGeometry: 0
    m_RichText: 1
    m_HorizontalOverflow: 0
    m_VerticalOverflow: 0
    m_LineSpacing: 1
  m_Text: Map 3
--- !u!222 &1905483956
CanvasRenderer:
  m_ObjectHideFlags: 0
  m_PrefabParentObject: {fileID: 22208014, guid: 0b91c0c67766af54b8e5f8430270d95c,
    type: 2}
  m_PrefabInternal: {fileID: 65909048}
  m_GameObject: {fileID: 1905483953}
--- !u!1 &2065919518
GameObject:
  m_ObjectHideFlags: 0
  m_PrefabParentObject: {fileID: 108030, guid: 0b91c0c67766af54b8e5f8430270d95c, type: 2}
  m_PrefabInternal: {fileID: 65909048}
  serializedVersion: 5
  m_Component:
  - component: {fileID: 2065919519}
  - component: {fileID: 2065919521}
  - component: {fileID: 2065919520}
  m_Layer: 5
  m_Name: Wave
  m_TagString: Untagged
  m_Icon: {fileID: 0}
  m_NavMeshLayer: 0
  m_StaticEditorFlags: 0
  m_IsActive: 1
--- !u!224 &2065919519
RectTransform:
  m_ObjectHideFlags: 0
  m_PrefabParentObject: {fileID: 22408030, guid: 0b91c0c67766af54b8e5f8430270d95c,
    type: 2}
  m_PrefabInternal: {fileID: 65909048}
  m_GameObject: {fileID: 2065919518}
  m_LocalRotation: {x: 0, y: 0, z: 0, w: 1}
  m_LocalPosition: {x: 0, y: 0, z: 0}
  m_LocalScale: {x: 1, y: 1, z: 1}
  m_Children: []
  m_Father: {fileID: 247667700}
  m_RootOrder: 13
  m_LocalEulerAnglesHint: {x: 0, y: 0, z: 0}
  m_AnchorMin: {x: 0.5, y: 0.5}
  m_AnchorMax: {x: 0.5, y: 0.5}
  m_AnchoredPosition: {x: -80, y: 111.25}
  m_SizeDelta: {x: 161, y: 913.5}
  m_Pivot: {x: 0.5, y: 0.5}
--- !u!114 &2065919520
MonoBehaviour:
  m_ObjectHideFlags: 0
  m_PrefabParentObject: {fileID: 11408028, guid: 0b91c0c67766af54b8e5f8430270d95c,
    type: 2}
  m_PrefabInternal: {fileID: 65909048}
  m_GameObject: {fileID: 2065919518}
  m_Enabled: 1
  m_EditorHideFlags: 0
  m_Script: {fileID: -765806418, guid: f5f67c52d1564df4a8936ccd202a3bd8, type: 3}
  m_Name: 
  m_EditorClassIdentifier: 
  m_Material: {fileID: 0}
  m_Color: {r: 0.43382353, g: 0.43382353, b: 0.43382353, a: 0.5372549}
  m_RaycastTarget: 1
  m_OnCullStateChanged:
    m_PersistentCalls:
      m_Calls: []
    m_TypeName: UnityEngine.UI.MaskableGraphic+CullStateChangedEvent, UnityEngine.UI,
      Version=1.0.0.0, Culture=neutral, PublicKeyToken=null
  m_Sprite: {fileID: 21300000, guid: 7ed1238760b863f4aafde32ab3a6f28c, type: 3}
  m_Type: 1
  m_PreserveAspect: 0
  m_FillCenter: 1
  m_FillMethod: 4
  m_FillAmount: 1
  m_FillClockwise: 1
  m_FillOrigin: 0
--- !u!222 &2065919521
CanvasRenderer:
  m_ObjectHideFlags: 0
  m_PrefabParentObject: {fileID: 22208032, guid: 0b91c0c67766af54b8e5f8430270d95c,
    type: 2}
  m_PrefabInternal: {fileID: 65909048}
  m_GameObject: {fileID: 2065919518}
