%YAML 1.1
%TAG !u! tag:unity3d.com,2011:
--- !u!29 &1
OcclusionCullingSettings:
  m_ObjectHideFlags: 0
  serializedVersion: 2
  m_OcclusionBakeSettings:
    smallestOccluder: 5
    smallestHole: 0.25
    backfaceThreshold: 100
  m_SceneGUID: 00000000000000000000000000000000
  m_OcclusionCullingData: {fileID: 0}
--- !u!104 &2
RenderSettings:
  m_ObjectHideFlags: 0
  serializedVersion: 8
  m_Fog: 0
  m_FogColor: {r: 0.5, g: 0.5, b: 0.5, a: 1}
  m_FogMode: 3
  m_FogDensity: 0.01
  m_LinearFogStart: 0
  m_LinearFogEnd: 300
  m_AmbientSkyColor: {r: 0.212, g: 0.227, b: 0.259, a: 1}
  m_AmbientEquatorColor: {r: 0.114, g: 0.125, b: 0.133, a: 1}
  m_AmbientGroundColor: {r: 0.047, g: 0.043, b: 0.035, a: 1}
  m_AmbientIntensity: 1
  m_AmbientMode: 0
  m_SubtractiveShadowColor: {r: 0.42, g: 0.478, b: 0.627, a: 1}
  m_SkyboxMaterial: {fileID: 10304, guid: 0000000000000000f000000000000000, type: 0}
  m_HaloStrength: 0.5
  m_FlareStrength: 1
  m_FlareFadeSpeed: 3
  m_HaloTexture: {fileID: 0}
  m_SpotCookie: {fileID: 10001, guid: 0000000000000000e000000000000000, type: 0}
  m_DefaultReflectionMode: 0
  m_DefaultReflectionResolution: 128
  m_ReflectionBounces: 1
  m_ReflectionIntensity: 1
  m_CustomReflection: {fileID: 0}
  m_Sun: {fileID: 0}
  m_IndirectSpecularColor: {r: 0, g: 0, b: 0, a: 1}
--- !u!157 &4
LightmapSettings:
  m_ObjectHideFlags: 0
  serializedVersion: 11
  m_GIWorkflowMode: 0
  m_GISettings:
    serializedVersion: 2
    m_BounceScale: 1
    m_IndirectOutputScale: 1
    m_AlbedoBoost: 1
    m_TemporalCoherenceThreshold: 1
    m_EnvironmentLightingMode: 0
    m_EnableBakedLightmaps: 1
    m_EnableRealtimeLightmaps: 1
  m_LightmapEditorSettings:
    serializedVersion: 9
    m_Resolution: 2
    m_BakeResolution: 40
    m_TextureWidth: 1024
    m_TextureHeight: 1024
    m_AO: 0
    m_AOMaxDistance: 1
    m_CompAOExponent: 0
    m_CompAOExponentDirect: 0
    m_Padding: 2
    m_LightmapParameters: {fileID: 0}
    m_LightmapsBakeMode: 1
    m_TextureCompression: 1
    m_FinalGather: 0
    m_FinalGatherFiltering: 1
    m_FinalGatherRayCount: 1024
    m_ReflectionCompression: 2
    m_MixedBakeMode: 1
    m_BakeBackend: 0
    m_PVRSampling: 1
    m_PVRDirectSampleCount: 32
    m_PVRSampleCount: 500
    m_PVRBounces: 2
    m_PVRFilterTypeDirect: 0
    m_PVRFilterTypeIndirect: 0
    m_PVRFilterTypeAO: 0
    m_PVRFilteringMode: 0
    m_PVRCulling: 1
    m_PVRFilteringGaussRadiusDirect: 1
    m_PVRFilteringGaussRadiusIndirect: 5
    m_PVRFilteringGaussRadiusAO: 2
    m_PVRFilteringAtrousPositionSigmaDirect: 0.5
    m_PVRFilteringAtrousPositionSigmaIndirect: 2
    m_PVRFilteringAtrousPositionSigmaAO: 1
    m_ShowResolutionOverlay: 1
  m_LightingDataAsset: {fileID: 0}
  m_UseShadowmask: 0
--- !u!196 &5
NavMeshSettings:
  serializedVersion: 2
  m_ObjectHideFlags: 0
  m_BuildSettings:
    serializedVersion: 2
    agentTypeID: 0
    agentRadius: 0.5
    agentHeight: 2
    agentSlope: 45
    agentClimb: 0.4
    ledgeDropHeight: 0
    maxJumpAcrossDistance: 0
    minRegionArea: 2
    manualCellSize: 0
    cellSize: 0.16666667
    manualTileSize: 0
    tileSize: 256
    accuratePlacement: 0
    debug:
      m_Flags: 0
  m_NavMeshData: {fileID: 0}
--- !u!1 &106641229
GameObject:
  m_ObjectHideFlags: 0
  m_PrefabParentObject: {fileID: 109228, guid: e39e9a09a02695a4b8efddc53c60fec4, type: 2}
  m_PrefabInternal: {fileID: 1423957306}
  serializedVersion: 5
  m_Component:
  - component: {fileID: 106641230}
  - component: {fileID: 106641232}
  - component: {fileID: 106641231}
  m_Layer: 5
  m_Name: MapBlocks
  m_TagString: Untagged
  m_Icon: {fileID: 0}
  m_NavMeshLayer: 0
  m_StaticEditorFlags: 0
  m_IsActive: 1
--- !u!224 &106641230
RectTransform:
  m_ObjectHideFlags: 0
  m_PrefabParentObject: {fileID: 22409228, guid: e39e9a09a02695a4b8efddc53c60fec4,
    type: 2}
  m_PrefabInternal: {fileID: 1423957306}
  m_GameObject: {fileID: 106641229}
  m_LocalRotation: {x: 0, y: 0, z: 0, w: 1}
  m_LocalPosition: {x: 0, y: 0, z: 0}
  m_LocalScale: {x: 1, y: 1, z: 1}
  m_Children: []
  m_Father: {fileID: 911217167}
  m_RootOrder: 6
  m_LocalEulerAnglesHint: {x: 0, y: 0, z: 0}
  m_AnchorMin: {x: 0.5, y: 0.5}
  m_AnchorMax: {x: 0.5, y: 0.5}
  m_AnchoredPosition: {x: 182, y: -150.5}
  m_SizeDelta: {x: 61, y: 138}
  m_Pivot: {x: 0.5, y: 0.5}
--- !u!114 &106641231
MonoBehaviour:
  m_ObjectHideFlags: 0
  m_PrefabParentObject: {fileID: 11409232, guid: e39e9a09a02695a4b8efddc53c60fec4,
    type: 2}
  m_PrefabInternal: {fileID: 1423957306}
  m_GameObject: {fileID: 106641229}
  m_Enabled: 1
  m_EditorHideFlags: 0
  m_Script: {fileID: -765806418, guid: f5f67c52d1564df4a8936ccd202a3bd8, type: 3}
  m_Name: 
  m_EditorClassIdentifier: 
  m_Material: {fileID: 0}
  m_Color: {r: 0.18431373, g: 0.18431373, b: 0.22745098, a: 1}
  m_RaycastTarget: 1
  m_OnCullStateChanged:
    m_PersistentCalls:
      m_Calls: []
    m_TypeName: UnityEngine.UI.MaskableGraphic+CullStateChangedEvent, UnityEngine.UI,
      Version=1.0.0.0, Culture=neutral, PublicKeyToken=null
  m_Sprite: {fileID: 21300000, guid: 7ed1238760b863f4aafde32ab3a6f28c, type: 3}
  m_Type: 1
  m_PreserveAspect: 0
  m_FillCenter: 1
  m_FillMethod: 4
  m_FillAmount: 1
  m_FillClockwise: 1
  m_FillOrigin: 0
--- !u!222 &106641232
CanvasRenderer:
  m_ObjectHideFlags: 0
  m_PrefabParentObject: {fileID: 22209226, guid: e39e9a09a02695a4b8efddc53c60fec4,
    type: 2}
  m_PrefabInternal: {fileID: 1423957306}
  m_GameObject: {fileID: 106641229}
--- !u!1 &184230176
GameObject:
  m_ObjectHideFlags: 0
  m_PrefabParentObject: {fileID: 109200, guid: e39e9a09a02695a4b8efddc53c60fec4, type: 2}
  m_PrefabInternal: {fileID: 1423957306}
  serializedVersion: 5
  m_Component:
  - component: {fileID: 184230177}
  - component: {fileID: 184230179}
  - component: {fileID: 184230178}
  m_Layer: 5
  m_Name: Panel
  m_TagString: Untagged
  m_Icon: {fileID: 0}
  m_NavMeshLayer: 0
  m_StaticEditorFlags: 0
  m_IsActive: 1
--- !u!224 &184230177
RectTransform:
  m_ObjectHideFlags: 0
  m_PrefabParentObject: {fileID: 22409200, guid: e39e9a09a02695a4b8efddc53c60fec4,
    type: 2}
  m_PrefabInternal: {fileID: 1423957306}
  m_GameObject: {fileID: 184230176}
  m_LocalRotation: {x: 0, y: 0, z: 0.14767745, w: 0.9890356}
  m_LocalPosition: {x: 0, y: 0, z: 0}
  m_LocalScale: {x: 1, y: 1, z: 1}
  m_Children: []
  m_Father: {fileID: 1434119908}
  m_RootOrder: 2
  m_LocalEulerAnglesHint: {x: 0, y: 0, z: 0}
  m_AnchorMin: {x: 0.5, y: 0.5}
  m_AnchorMax: {x: 0.5, y: 0.5}
  m_AnchoredPosition: {x: 15.699951, y: -18.300003}
  m_SizeDelta: {x: 21.7, y: 3}
  m_Pivot: {x: 0.5, y: 0.5}
--- !u!114 &184230178
MonoBehaviour:
  m_ObjectHideFlags: 0
  m_PrefabParentObject: {fileID: 11409200, guid: e39e9a09a02695a4b8efddc53c60fec4,
    type: 2}
  m_PrefabInternal: {fileID: 1423957306}
  m_GameObject: {fileID: 184230176}
  m_Enabled: 1
  m_EditorHideFlags: 0
  m_Script: {fileID: -765806418, guid: f5f67c52d1564df4a8936ccd202a3bd8, type: 3}
  m_Name: 
  m_EditorClassIdentifier: 
  m_Material: {fileID: 0}
  m_Color: {r: 0.8745098, g: 0.84313726, b: 0.8039216, a: 1}
  m_RaycastTarget: 1
  m_OnCullStateChanged:
    m_PersistentCalls:
      m_Calls: []
    m_TypeName: UnityEngine.UI.MaskableGraphic+CullStateChangedEvent, UnityEngine.UI,
      Version=1.0.0.0, Culture=neutral, PublicKeyToken=null
  m_Sprite: {fileID: 21300000, guid: 7ed1238760b863f4aafde32ab3a6f28c, type: 3}
  m_Type: 1
  m_PreserveAspect: 0
  m_FillCenter: 1
  m_FillMethod: 4
  m_FillAmount: 1
  m_FillClockwise: 1
  m_FillOrigin: 0
--- !u!222 &184230179
CanvasRenderer:
  m_ObjectHideFlags: 0
  m_PrefabParentObject: {fileID: 22209200, guid: e39e9a09a02695a4b8efddc53c60fec4,
    type: 2}
  m_PrefabInternal: {fileID: 1423957306}
  m_GameObject: {fileID: 184230176}
--- !u!1 &343293234
GameObject:
  m_ObjectHideFlags: 0
  m_PrefabParentObject: {fileID: 109196, guid: e39e9a09a02695a4b8efddc53c60fec4, type: 2}
  m_PrefabInternal: {fileID: 1423957306}
  serializedVersion: 5
  m_Component:
  - component: {fileID: 343293235}
  - component: {fileID: 343293237}
  - component: {fileID: 343293236}
  m_Layer: 5
  m_Name: InfoBar
  m_TagString: Untagged
  m_Icon: {fileID: 0}
  m_NavMeshLayer: 0
  m_StaticEditorFlags: 0
  m_IsActive: 1
--- !u!224 &343293235
RectTransform:
  m_ObjectHideFlags: 0
  m_PrefabParentObject: {fileID: 22409196, guid: e39e9a09a02695a4b8efddc53c60fec4,
    type: 2}
  m_PrefabInternal: {fileID: 1423957306}
  m_GameObject: {fileID: 343293234}
  m_LocalRotation: {x: 0, y: 0, z: 0, w: 1}
  m_LocalPosition: {x: 0, y: 0, z: 0}
  m_LocalScale: {x: 1, y: 1, z: 1}
  m_Children:
  - {fileID: 1868916761}
  - {fileID: 1381539915}
  - {fileID: 1632995129}
  - {fileID: 602603639}
  m_Father: {fileID: 911217167}
  m_RootOrder: 8
  m_LocalEulerAnglesHint: {x: 0, y: 0, z: 0}
  m_AnchorMin: {x: 0.5, y: 0.5}
  m_AnchorMax: {x: 0.5, y: 0.5}
  m_AnchoredPosition: {x: 0, y: -249}
  m_SizeDelta: {x: 1136, y: 143}
  m_Pivot: {x: 0.5, y: 0.5}
--- !u!114 &343293236
MonoBehaviour:
  m_ObjectHideFlags: 0
  m_PrefabParentObject: {fileID: 11409196, guid: e39e9a09a02695a4b8efddc53c60fec4,
    type: 2}
  m_PrefabInternal: {fileID: 1423957306}
  m_GameObject: {fileID: 343293234}
  m_Enabled: 1
  m_EditorHideFlags: 0
  m_Script: {fileID: -765806418, guid: f5f67c52d1564df4a8936ccd202a3bd8, type: 3}
  m_Name: 
  m_EditorClassIdentifier: 
  m_Material: {fileID: 0}
  m_Color: {r: 0.18431373, g: 0.18431373, b: 0.22745098, a: 1}
  m_RaycastTarget: 1
  m_OnCullStateChanged:
    m_PersistentCalls:
      m_Calls: []
    m_TypeName: UnityEngine.UI.MaskableGraphic+CullStateChangedEvent, UnityEngine.UI,
      Version=1.0.0.0, Culture=neutral, PublicKeyToken=null
  m_Sprite: {fileID: 21300000, guid: 7ed1238760b863f4aafde32ab3a6f28c, type: 3}
  m_Type: 1
  m_PreserveAspect: 0
  m_FillCenter: 1
  m_FillMethod: 4
  m_FillAmount: 1
  m_FillClockwise: 1
  m_FillOrigin: 0
--- !u!222 &343293237
CanvasRenderer:
  m_ObjectHideFlags: 0
  m_PrefabParentObject: {fileID: 22209196, guid: e39e9a09a02695a4b8efddc53c60fec4,
    type: 2}
  m_PrefabInternal: {fileID: 1423957306}
  m_GameObject: {fileID: 343293234}
--- !u!1 &564847476
GameObject:
  m_ObjectHideFlags: 0
  m_PrefabParentObject: {fileID: 109206, guid: e39e9a09a02695a4b8efddc53c60fec4, type: 2}
  m_PrefabInternal: {fileID: 1423957306}
  serializedVersion: 5
  m_Component:
  - component: {fileID: 564847477}
  - component: {fileID: 564847479}
  - component: {fileID: 564847478}
  m_Layer: 5
  m_Name: MapBlocks
  m_TagString: Untagged
  m_Icon: {fileID: 0}
  m_NavMeshLayer: 0
  m_StaticEditorFlags: 0
  m_IsActive: 1
--- !u!224 &564847477
RectTransform:
  m_ObjectHideFlags: 0
  m_PrefabParentObject: {fileID: 22409206, guid: e39e9a09a02695a4b8efddc53c60fec4,
    type: 2}
  m_PrefabInternal: {fileID: 1423957306}
  m_GameObject: {fileID: 564847476}
  m_LocalRotation: {x: 0, y: 0, z: 0, w: 1}
  m_LocalPosition: {x: 0, y: 0, z: 0}
  m_LocalScale: {x: 1, y: 1, z: 1}
  m_Children: []
  m_Father: {fileID: 911217167}
  m_RootOrder: 5
  m_LocalEulerAnglesHint: {x: 0, y: 0, z: 0}
  m_AnchorMin: {x: 0.5, y: 0.5}
  m_AnchorMax: {x: 0.5, y: 0.5}
  m_AnchoredPosition: {x: 0, y: 300.25}
  m_SizeDelta: {x: 1136, y: 39.51}
  m_Pivot: {x: 0.5, y: 0.5}
--- !u!114 &564847478
MonoBehaviour:
  m_ObjectHideFlags: 0
  m_PrefabParentObject: {fileID: 11409208, guid: e39e9a09a02695a4b8efddc53c60fec4,
    type: 2}
  m_PrefabInternal: {fileID: 1423957306}
  m_GameObject: {fileID: 564847476}
  m_Enabled: 1
  m_EditorHideFlags: 0
  m_Script: {fileID: -765806418, guid: f5f67c52d1564df4a8936ccd202a3bd8, type: 3}
  m_Name: 
  m_EditorClassIdentifier: 
  m_Material: {fileID: 0}
  m_Color: {r: 0.18431373, g: 0.18431373, b: 0.22745098, a: 1}
  m_RaycastTarget: 1
  m_OnCullStateChanged:
    m_PersistentCalls:
      m_Calls: []
    m_TypeName: UnityEngine.UI.MaskableGraphic+CullStateChangedEvent, UnityEngine.UI,
      Version=1.0.0.0, Culture=neutral, PublicKeyToken=null
  m_Sprite: {fileID: 21300000, guid: 7ed1238760b863f4aafde32ab3a6f28c, type: 3}
  m_Type: 1
  m_PreserveAspect: 0
  m_FillCenter: 1
  m_FillMethod: 4
  m_FillAmount: 1
  m_FillClockwise: 1
  m_FillOrigin: 0
--- !u!222 &564847479
CanvasRenderer:
  m_ObjectHideFlags: 0
  m_PrefabParentObject: {fileID: 22209206, guid: e39e9a09a02695a4b8efddc53c60fec4,
    type: 2}
  m_PrefabInternal: {fileID: 1423957306}
  m_GameObject: {fileID: 564847476}
--- !u!1 &602603638
GameObject:
  m_ObjectHideFlags: 0
  m_PrefabParentObject: {fileID: 109224, guid: e39e9a09a02695a4b8efddc53c60fec4, type: 2}
  m_PrefabInternal: {fileID: 1423957306}
  serializedVersion: 5
  m_Component:
  - component: {fileID: 602603639}
  - component: {fileID: 602603641}
  - component: {fileID: 602603640}
  m_Layer: 5
  m_Name: Text
  m_TagString: Untagged
  m_Icon: {fileID: 0}
  m_NavMeshLayer: 0
  m_StaticEditorFlags: 0
  m_IsActive: 1
--- !u!224 &602603639
RectTransform:
  m_ObjectHideFlags: 0
  m_PrefabParentObject: {fileID: 22409224, guid: e39e9a09a02695a4b8efddc53c60fec4,
    type: 2}
  m_PrefabInternal: {fileID: 1423957306}
  m_GameObject: {fileID: 602603638}
  m_LocalRotation: {x: 0, y: 0, z: 0, w: 1}
  m_LocalPosition: {x: 0, y: 0, z: 0}
  m_LocalScale: {x: 1, y: 1, z: 1}
  m_Children: []
  m_Father: {fileID: 343293235}
  m_RootOrder: 3
  m_LocalEulerAnglesHint: {x: 0, y: 0, z: 0}
  m_AnchorMin: {x: 0.5, y: 0.5}
  m_AnchorMax: {x: 0.5, y: 0.5}
  m_AnchoredPosition: {x: 306, y: 0}
  m_SizeDelta: {x: 294, y: 102}
  m_Pivot: {x: 0.5, y: 0.5}
--- !u!114 &602603640
MonoBehaviour:
  m_ObjectHideFlags: 0
  m_PrefabParentObject: {fileID: 11409228, guid: e39e9a09a02695a4b8efddc53c60fec4,
    type: 2}
  m_PrefabInternal: {fileID: 1423957306}
  m_GameObject: {fileID: 602603638}
  m_Enabled: 1
  m_EditorHideFlags: 0
  m_Script: {fileID: 708705254, guid: f5f67c52d1564df4a8936ccd202a3bd8, type: 3}
  m_Name: 
  m_EditorClassIdentifier: 
  m_Material: {fileID: 0}
  m_Color: {r: 0.9490196, g: 0.2901961, b: 0.4117647, a: 1}
  m_RaycastTarget: 1
  m_OnCullStateChanged:
    m_PersistentCalls:
      m_Calls: []
    m_TypeName: UnityEngine.UI.MaskableGraphic+CullStateChangedEvent, UnityEngine.UI,
      Version=1.0.0.0, Culture=neutral, PublicKeyToken=null
  m_FontData:
    m_Font: {fileID: 12800000, guid: 7dfc2e1472ac84e1bb749a8a9f934483, type: 3}
    m_FontSize: 40
    m_FontStyle: 0
    m_BestFit: 0
    m_MinSize: 10
    m_MaxSize: 40
    m_Alignment: 5
    m_AlignByGeometry: 0
    m_RichText: 1
    m_HorizontalOverflow: 0
    m_VerticalOverflow: 0
    m_LineSpacing: 1
  m_Text: TIME 0:23
--- !u!222 &602603641
CanvasRenderer:
  m_ObjectHideFlags: 0
  m_PrefabParentObject: {fileID: 22209222, guid: e39e9a09a02695a4b8efddc53c60fec4,
    type: 2}
  m_PrefabInternal: {fileID: 1423957306}
  m_GameObject: {fileID: 602603638}
--- !u!1 &768739915
GameObject:
  m_ObjectHideFlags: 0
  m_PrefabParentObject: {fileID: 109210, guid: e39e9a09a02695a4b8efddc53c60fec4, type: 2}
  m_PrefabInternal: {fileID: 1423957306}
  serializedVersion: 5
  m_Component:
  - component: {fileID: 768739919}
  - component: {fileID: 768739918}
  - component: {fileID: 768739917}
  - component: {fileID: 768739916}
  m_Layer: 5
  m_Name: GameExample_6
  m_TagString: Untagged
  m_Icon: {fileID: 0}
  m_NavMeshLayer: 0
  m_StaticEditorFlags: 0
  m_IsActive: 1
--- !u!114 &768739916
MonoBehaviour:
  m_ObjectHideFlags: 0
  m_PrefabParentObject: {fileID: 11409212, guid: e39e9a09a02695a4b8efddc53c60fec4,
    type: 2}
  m_PrefabInternal: {fileID: 1423957306}
  m_GameObject: {fileID: 768739915}
  m_Enabled: 1
  m_EditorHideFlags: 0
  m_Script: {fileID: 1301386320, guid: f5f67c52d1564df4a8936ccd202a3bd8, type: 3}
  m_Name: 
  m_EditorClassIdentifier: 
  m_IgnoreReversedGraphics: 1
  m_BlockingObjects: 0
  m_BlockingMask:
    serializedVersion: 2
    m_Bits: 4294967295
--- !u!114 &768739917
MonoBehaviour:
  m_ObjectHideFlags: 0
  m_PrefabParentObject: {fileID: 11409214, guid: e39e9a09a02695a4b8efddc53c60fec4,
    type: 2}
  m_PrefabInternal: {fileID: 1423957306}
  m_GameObject: {fileID: 768739915}
  m_Enabled: 1
  m_EditorHideFlags: 0
  m_Script: {fileID: 1980459831, guid: f5f67c52d1564df4a8936ccd202a3bd8, type: 3}
  m_Name: 
  m_EditorClassIdentifier: 
  m_UiScaleMode: 1
  m_ReferencePixelsPerUnit: 100
  m_ScaleFactor: 1
  m_ReferenceResolution: {x: 1136, y: 640}
  m_ScreenMatchMode: 0
  m_MatchWidthOrHeight: 0
  m_PhysicalUnit: 3
  m_FallbackScreenDPI: 96
  m_DefaultSpriteDPI: 96
  m_DynamicPixelsPerUnit: 1
--- !u!223 &768739918
Canvas:
  m_ObjectHideFlags: 0
  m_PrefabParentObject: {fileID: 22309186, guid: e39e9a09a02695a4b8efddc53c60fec4,
    type: 2}
  m_PrefabInternal: {fileID: 1423957306}
  m_GameObject: {fileID: 768739915}
  m_Enabled: 1
  serializedVersion: 3
  m_RenderMode: 0
  m_Camera: {fileID: 0}
  m_PlaneDistance: 100
  m_PixelPerfect: 1
  m_ReceivesEvents: 1
  m_OverrideSorting: 0
  m_OverridePixelPerfect: 0
  m_SortingBucketNormalizedSize: 0
  m_AdditionalShaderChannelsFlag: 25
  m_SortingLayerID: 0
  m_SortingOrder: 0
  m_TargetDisplay: 0
--- !u!224 &768739919
RectTransform:
  m_ObjectHideFlags: 0
  m_PrefabParentObject: {fileID: 22409210, guid: e39e9a09a02695a4b8efddc53c60fec4,
    type: 2}
  m_PrefabInternal: {fileID: 1423957306}
  m_GameObject: {fileID: 768739915}
  m_LocalRotation: {x: 0, y: 0, z: 0, w: 1}
  m_LocalPosition: {x: 0, y: 0, z: 0}
  m_LocalScale: {x: 0, y: 0, z: 0}
  m_Children:
  - {fileID: 2138240594}
  - {fileID: 911217167}
  m_Father: {fileID: 0}
  m_RootOrder: 0
  m_LocalEulerAnglesHint: {x: 0, y: 0, z: 0}
  m_AnchorMin: {x: 0, y: 0}
  m_AnchorMax: {x: 0, y: 0}
  m_AnchoredPosition: {x: 0, y: 0}
  m_SizeDelta: {x: 0, y: 0}
  m_Pivot: {x: 0, y: 0}
--- !u!1 &792793824
GameObject:
  m_ObjectHideFlags: 0
  m_PrefabParentObject: {fileID: 109216, guid: e39e9a09a02695a4b8efddc53c60fec4, type: 2}
  m_PrefabInternal: {fileID: 1423957306}
  serializedVersion: 5
  m_Component:
  - component: {fileID: 792793825}
  - component: {fileID: 792793827}
  - component: {fileID: 792793826}
  m_Layer: 5
  m_Name: Panel
  m_TagString: Untagged
  m_Icon: {fileID: 0}
  m_NavMeshLayer: 0
  m_StaticEditorFlags: 0
  m_IsActive: 1
--- !u!224 &792793825
RectTransform:
  m_ObjectHideFlags: 0
  m_PrefabParentObject: {fileID: 22409216, guid: e39e9a09a02695a4b8efddc53c60fec4,
    type: 2}
  m_PrefabInternal: {fileID: 1423957306}
  m_GameObject: {fileID: 792793824}
  m_LocalRotation: {x: 0, y: 0, z: 0, w: 1}
  m_LocalPosition: {x: 0, y: 0, z: 0}
  m_LocalScale: {x: 1, y: 1, z: 1}
  m_Children: []
  m_Father: {fileID: 1434119908}
  m_RootOrder: 1
  m_LocalEulerAnglesHint: {x: 0, y: 0, z: 0}
  m_AnchorMin: {x: 0.5, y: 0.5}
  m_AnchorMax: {x: 0.5, y: 0.5}
  m_AnchoredPosition: {x: 11.199951, y: 6.699997}
  m_SizeDelta: {x: 21.7, y: 5.4}
  m_Pivot: {x: 0.5, y: 0.5}
--- !u!114 &792793826
MonoBehaviour:
  m_ObjectHideFlags: 0
  m_PrefabParentObject: {fileID: 11409220, guid: e39e9a09a02695a4b8efddc53c60fec4,
    type: 2}
  m_PrefabInternal: {fileID: 1423957306}
  m_GameObject: {fileID: 792793824}
  m_Enabled: 1
  m_EditorHideFlags: 0
  m_Script: {fileID: -765806418, guid: f5f67c52d1564df4a8936ccd202a3bd8, type: 3}
  m_Name: 
  m_EditorClassIdentifier: 
  m_Material: {fileID: 0}
  m_Color: {r: 0.8745098, g: 0.84313726, b: 0.8039216, a: 1}
  m_RaycastTarget: 1
  m_OnCullStateChanged:
    m_PersistentCalls:
      m_Calls: []
    m_TypeName: UnityEngine.UI.MaskableGraphic+CullStateChangedEvent, UnityEngine.UI,
      Version=1.0.0.0, Culture=neutral, PublicKeyToken=null
  m_Sprite: {fileID: 21300000, guid: 7ed1238760b863f4aafde32ab3a6f28c, type: 3}
  m_Type: 1
  m_PreserveAspect: 0
  m_FillCenter: 1
  m_FillMethod: 4
  m_FillAmount: 1
  m_FillClockwise: 1
  m_FillOrigin: 0
--- !u!222 &792793827
CanvasRenderer:
  m_ObjectHideFlags: 0
  m_PrefabParentObject: {fileID: 22209214, guid: e39e9a09a02695a4b8efddc53c60fec4,
    type: 2}
  m_PrefabInternal: {fileID: 1423957306}
  m_GameObject: {fileID: 792793824}
--- !u!1 &911217166
GameObject:
  m_ObjectHideFlags: 0
  m_PrefabParentObject: {fileID: 109202, guid: e39e9a09a02695a4b8efddc53c60fec4, type: 2}
  m_PrefabInternal: {fileID: 1423957306}
  serializedVersion: 5
  m_Component:
  - component: {fileID: 911217167}
  - component: {fileID: 911217170}
  - component: {fileID: 911217169}
  - component: {fileID: 911217168}
  m_Layer: 5
  m_Name: Panel
  m_TagString: Untagged
  m_Icon: {fileID: 0}
  m_NavMeshLayer: 0
  m_StaticEditorFlags: 0
  m_IsActive: 1
--- !u!224 &911217167
RectTransform:
  m_ObjectHideFlags: 0
  m_PrefabParentObject: {fileID: 22409202, guid: e39e9a09a02695a4b8efddc53c60fec4,
    type: 2}
  m_PrefabInternal: {fileID: 1423957306}
  m_GameObject: {fileID: 911217166}
  m_LocalRotation: {x: 0, y: 0, z: 0, w: 1}
  m_LocalPosition: {x: 0, y: 0, z: 0}
  m_LocalScale: {x: 1, y: 1, z: 1}
  m_Children:
  - {fileID: 1247929148}
  - {fileID: 1260032543}
  - {fileID: 1029531523}
  - {fileID: 1659098573}
  - {fileID: 1617703637}
  - {fileID: 564847477}
  - {fileID: 106641230}
  - {fileID: 1434119908}
  - {fileID: 343293235}
  m_Father: {fileID: 768739919}
  m_RootOrder: 1
  m_LocalEulerAnglesHint: {x: 0, y: 0, z: 0}
  m_AnchorMin: {x: 0, y: 0}
  m_AnchorMax: {x: 0, y: 0}
  m_AnchoredPosition: {x: 568, y: 319.99}
  m_SizeDelta: {x: 1136, y: 640.02}
  m_Pivot: {x: 0.5, y: 0.5}
--- !u!114 &911217168
MonoBehaviour:
  m_ObjectHideFlags: 0
  m_PrefabParentObject: {fileID: 11409202, guid: e39e9a09a02695a4b8efddc53c60fec4,
    type: 2}
  m_PrefabInternal: {fileID: 1423957306}
  m_GameObject: {fileID: 911217166}
  m_Enabled: 1
  m_EditorHideFlags: 0
  m_Script: {fileID: -1200242548, guid: f5f67c52d1564df4a8936ccd202a3bd8, type: 3}
  m_Name: 
  m_EditorClassIdentifier: 
  m_ShowMaskGraphic: 1
--- !u!114 &911217169
MonoBehaviour:
  m_ObjectHideFlags: 0
  m_PrefabParentObject: {fileID: 11409204, guid: e39e9a09a02695a4b8efddc53c60fec4,
    type: 2}
  m_PrefabInternal: {fileID: 1423957306}
  m_GameObject: {fileID: 911217166}
  m_Enabled: 1
  m_EditorHideFlags: 0
  m_Script: {fileID: -765806418, guid: f5f67c52d1564df4a8936ccd202a3bd8, type: 3}
  m_Name: 
  m_EditorClassIdentifier: 
  m_Material: {fileID: 0}
  m_Color: {r: 0.8784314, g: 0.84705883, b: 0.80784315, a: 1}
  m_RaycastTarget: 1
  m_OnCullStateChanged:
    m_PersistentCalls:
      m_Calls: []
    m_TypeName: UnityEngine.UI.MaskableGraphic+CullStateChangedEvent, UnityEngine.UI,
      Version=1.0.0.0, Culture=neutral, PublicKeyToken=null
  m_Sprite: {fileID: 21300000, guid: 7ed1238760b863f4aafde32ab3a6f28c, type: 3}
  m_Type: 1
  m_PreserveAspect: 0
  m_FillCenter: 1
  m_FillMethod: 4
  m_FillAmount: 1
  m_FillClockwise: 1
  m_FillOrigin: 0
--- !u!222 &911217170
CanvasRenderer:
  m_ObjectHideFlags: 0
  m_PrefabParentObject: {fileID: 22209202, guid: e39e9a09a02695a4b8efddc53c60fec4,
    type: 2}
  m_PrefabInternal: {fileID: 1423957306}
  m_GameObject: {fileID: 911217166}
--- !u!1 &1029531522
GameObject:
  m_ObjectHideFlags: 0
  m_PrefabParentObject: {fileID: 109192, guid: e39e9a09a02695a4b8efddc53c60fec4, type: 2}
  m_PrefabInternal: {fileID: 1423957306}
  serializedVersion: 5
  m_Component:
  - component: {fileID: 1029531523}
  - component: {fileID: 1029531525}
  - component: {fileID: 1029531524}
  m_Layer: 5
  m_Name: MapBlocks
  m_TagString: Untagged
  m_Icon: {fileID: 0}
  m_NavMeshLayer: 0
  m_StaticEditorFlags: 0
  m_IsActive: 1
--- !u!224 &1029531523
RectTransform:
  m_ObjectHideFlags: 0
  m_PrefabParentObject: {fileID: 22409192, guid: e39e9a09a02695a4b8efddc53c60fec4,
    type: 2}
  m_PrefabInternal: {fileID: 1423957306}
  m_GameObject: {fileID: 1029531522}
  m_LocalRotation: {x: 0, y: 0, z: 0, w: 1}
  m_LocalPosition: {x: 0, y: 0, z: 0}
  m_LocalScale: {x: 1, y: 1, z: 1}
  m_Children: []
  m_Father: {fileID: 911217167}
  m_RootOrder: 2
  m_LocalEulerAnglesHint: {x: 0, y: 0, z: 0}
  m_AnchorMin: {x: 0.5, y: 0.5}
  m_AnchorMax: {x: 0.5, y: 0.5}
  m_AnchoredPosition: {x: 182, y: 177.25}
  m_SizeDelta: {x: 61, y: 283.5}
  m_Pivot: {x: 0.5, y: 0.5}
--- !u!114 &1029531524
MonoBehaviour:
  m_ObjectHideFlags: 0
  m_PrefabParentObject: {fileID: 11409192, guid: e39e9a09a02695a4b8efddc53c60fec4,
    type: 2}
  m_PrefabInternal: {fileID: 1423957306}
  m_GameObject: {fileID: 1029531522}
  m_Enabled: 1
  m_EditorHideFlags: 0
  m_Script: {fileID: -765806418, guid: f5f67c52d1564df4a8936ccd202a3bd8, type: 3}
  m_Name: 
  m_EditorClassIdentifier: 
  m_Material: {fileID: 0}
  m_Color: {r: 0.18431373, g: 0.18431373, b: 0.22745098, a: 1}
  m_RaycastTarget: 1
  m_OnCullStateChanged:
    m_PersistentCalls:
      m_Calls: []
    m_TypeName: UnityEngine.UI.MaskableGraphic+CullStateChangedEvent, UnityEngine.UI,
      Version=1.0.0.0, Culture=neutral, PublicKeyToken=null
  m_Sprite: {fileID: 21300000, guid: 7ed1238760b863f4aafde32ab3a6f28c, type: 3}
  m_Type: 1
  m_PreserveAspect: 0
  m_FillCenter: 1
  m_FillMethod: 4
  m_FillAmount: 1
  m_FillClockwise: 1
  m_FillOrigin: 0
--- !u!222 &1029531525
CanvasRenderer:
  m_ObjectHideFlags: 0
  m_PrefabParentObject: {fileID: 22209192, guid: e39e9a09a02695a4b8efddc53c60fec4,
    type: 2}
  m_PrefabInternal: {fileID: 1423957306}
  m_GameObject: {fileID: 1029531522}
--- !u!1 &1247929147
GameObject:
  m_ObjectHideFlags: 0
  m_PrefabParentObject: {fileID: 109188, guid: e39e9a09a02695a4b8efddc53c60fec4, type: 2}
  m_PrefabInternal: {fileID: 1423957306}
  serializedVersion: 5
  m_Component:
  - component: {fileID: 1247929148}
  - component: {fileID: 1247929150}
  - component: {fileID: 1247929149}
  m_Layer: 5
  m_Name: MapBlocks
  m_TagString: Untagged
  m_Icon: {fileID: 0}
  m_NavMeshLayer: 0
  m_StaticEditorFlags: 0
  m_IsActive: 1
--- !u!224 &1247929148
RectTransform:
  m_ObjectHideFlags: 0
  m_PrefabParentObject: {fileID: 22409188, guid: e39e9a09a02695a4b8efddc53c60fec4,
    type: 2}
  m_PrefabInternal: {fileID: 1423957306}
  m_GameObject: {fileID: 1247929147}
  m_LocalRotation: {x: 0, y: 0, z: 0, w: 1}
  m_LocalPosition: {x: 0, y: 0, z: 0}
  m_LocalScale: {x: 1, y: 1, z: 1}
  m_Children: []
  m_Father: {fileID: 911217167}
  m_RootOrder: 0
  m_LocalEulerAnglesHint: {x: 0, y: 0, z: 0}
  m_AnchorMin: {x: 0.5, y: 0.5}
  m_AnchorMax: {x: 0.5, y: 0.5}
  m_AnchoredPosition: {x: -78, y: -92}
  m_SizeDelta: {x: 61, y: 255}
  m_Pivot: {x: 0.5, y: 0.5}
--- !u!114 &1247929149
MonoBehaviour:
  m_ObjectHideFlags: 0
  m_PrefabParentObject: {fileID: 11409188, guid: e39e9a09a02695a4b8efddc53c60fec4,
    type: 2}
  m_PrefabInternal: {fileID: 1423957306}
  m_GameObject: {fileID: 1247929147}
  m_Enabled: 1
  m_EditorHideFlags: 0
  m_Script: {fileID: -765806418, guid: f5f67c52d1564df4a8936ccd202a3bd8, type: 3}
  m_Name: 
  m_EditorClassIdentifier: 
  m_Material: {fileID: 0}
  m_Color: {r: 0.18431373, g: 0.18431373, b: 0.22745098, a: 1}
  m_RaycastTarget: 1
  m_OnCullStateChanged:
    m_PersistentCalls:
      m_Calls: []
    m_TypeName: UnityEngine.UI.MaskableGraphic+CullStateChangedEvent, UnityEngine.UI,
      Version=1.0.0.0, Culture=neutral, PublicKeyToken=null
  m_Sprite: {fileID: 21300000, guid: 7ed1238760b863f4aafde32ab3a6f28c, type: 3}
  m_Type: 1
  m_PreserveAspect: 0
  m_FillCenter: 1
  m_FillMethod: 4
  m_FillAmount: 1
  m_FillClockwise: 1
  m_FillOrigin: 0
--- !u!222 &1247929150
CanvasRenderer:
  m_ObjectHideFlags: 0
  m_PrefabParentObject: {fileID: 22209188, guid: e39e9a09a02695a4b8efddc53c60fec4,
    type: 2}
  m_PrefabInternal: {fileID: 1423957306}
  m_GameObject: {fileID: 1247929147}
--- !u!1 &1260032542
GameObject:
  m_ObjectHideFlags: 0
  m_PrefabParentObject: {fileID: 109222, guid: e39e9a09a02695a4b8efddc53c60fec4, type: 2}
  m_PrefabInternal: {fileID: 1423957306}
  serializedVersion: 5
  m_Component:
  - component: {fileID: 1260032543}
  - component: {fileID: 1260032545}
  - component: {fileID: 1260032544}
  m_Layer: 5
  m_Name: MapBlocks
  m_TagString: Untagged
  m_Icon: {fileID: 0}
  m_NavMeshLayer: 0
  m_StaticEditorFlags: 0
  m_IsActive: 1
--- !u!224 &1260032543
RectTransform:
  m_ObjectHideFlags: 0
  m_PrefabParentObject: {fileID: 22409222, guid: e39e9a09a02695a4b8efddc53c60fec4,
    type: 2}
  m_PrefabInternal: {fileID: 1423957306}
  m_GameObject: {fileID: 1260032542}
  m_LocalRotation: {x: 0, y: 0, z: 0, w: 1}
  m_LocalPosition: {x: 0, y: 0, z: 0}
  m_LocalScale: {x: 1, y: 1, z: 1}
  m_Children: []
  m_Father: {fileID: 911217167}
  m_RootOrder: 1
  m_LocalEulerAnglesHint: {x: 0, y: 0, z: 0}
  m_AnchorMin: {x: 0.5, y: 0.5}
  m_AnchorMax: {x: 0.5, y: 0.5}
  m_AnchoredPosition: {x: -78, y: 239}
  m_SizeDelta: {x: 61, y: 162}
  m_Pivot: {x: 0.5, y: 0.5}
--- !u!114 &1260032544
MonoBehaviour:
  m_ObjectHideFlags: 0
  m_PrefabParentObject: {fileID: 11409226, guid: e39e9a09a02695a4b8efddc53c60fec4,
    type: 2}
  m_PrefabInternal: {fileID: 1423957306}
  m_GameObject: {fileID: 1260032542}
  m_Enabled: 1
  m_EditorHideFlags: 0
  m_Script: {fileID: -765806418, guid: f5f67c52d1564df4a8936ccd202a3bd8, type: 3}
  m_Name: 
  m_EditorClassIdentifier: 
  m_Material: {fileID: 0}
  m_Color: {r: 0.18431373, g: 0.18431373, b: 0.22745098, a: 1}
  m_RaycastTarget: 1
  m_OnCullStateChanged:
    m_PersistentCalls:
      m_Calls: []
    m_TypeName: UnityEngine.UI.MaskableGraphic+CullStateChangedEvent, UnityEngine.UI,
      Version=1.0.0.0, Culture=neutral, PublicKeyToken=null
  m_Sprite: {fileID: 21300000, guid: 7ed1238760b863f4aafde32ab3a6f28c, type: 3}
  m_Type: 1
  m_PreserveAspect: 0
  m_FillCenter: 1
  m_FillMethod: 4
  m_FillAmount: 1
  m_FillClockwise: 1
  m_FillOrigin: 0
--- !u!222 &1260032545
CanvasRenderer:
  m_ObjectHideFlags: 0
  m_PrefabParentObject: {fileID: 22209220, guid: e39e9a09a02695a4b8efddc53c60fec4,
    type: 2}
  m_PrefabInternal: {fileID: 1423957306}
  m_GameObject: {fileID: 1260032542}
--- !u!1 &1313995479
GameObject:
  m_ObjectHideFlags: 0
  m_PrefabParentObject: {fileID: 109218, guid: e39e9a09a02695a4b8efddc53c60fec4, type: 2}
  m_PrefabInternal: {fileID: 1423957306}
  serializedVersion: 5
  m_Component:
  - component: {fileID: 1313995480}
  - component: {fileID: 1313995482}
  - component: {fileID: 1313995481}
  m_Layer: 5
  m_Name: Panel
  m_TagString: Untagged
  m_Icon: {fileID: 0}
  m_NavMeshLayer: 0
  m_StaticEditorFlags: 0
  m_IsActive: 1
--- !u!224 &1313995480
RectTransform:
  m_ObjectHideFlags: 0
  m_PrefabParentObject: {fileID: 22409218, guid: e39e9a09a02695a4b8efddc53c60fec4,
    type: 2}
  m_PrefabInternal: {fileID: 1423957306}
  m_GameObject: {fileID: 1313995479}
  m_LocalRotation: {x: 0, y: 0, z: 0, w: 1}
  m_LocalPosition: {x: 0, y: 0, z: 0}
  m_LocalScale: {x: 1, y: 1, z: 1}
  m_Children: []
  m_Father: {fileID: 1434119908}
  m_RootOrder: 0
  m_LocalEulerAnglesHint: {x: 0, y: 0, z: 0}
  m_AnchorMin: {x: 0.5, y: 0.5}
  m_AnchorMax: {x: 0.5, y: 0.5}
  m_AnchoredPosition: {x: 0, y: 18.400002}
  m_SizeDelta: {x: 57, y: 6.7}
  m_Pivot: {x: 0.5, y: 0.5}
--- !u!114 &1313995481
MonoBehaviour:
  m_ObjectHideFlags: 0
  m_PrefabParentObject: {fileID: 11409222, guid: e39e9a09a02695a4b8efddc53c60fec4,
    type: 2}
  m_PrefabInternal: {fileID: 1423957306}
  m_GameObject: {fileID: 1313995479}
  m_Enabled: 1
  m_EditorHideFlags: 0
  m_Script: {fileID: -765806418, guid: f5f67c52d1564df4a8936ccd202a3bd8, type: 3}
  m_Name: 
  m_EditorClassIdentifier: 
  m_Material: {fileID: 0}
  m_Color: {r: 0.9529412, g: 0.2901961, b: 0.4117647, a: 1}
  m_RaycastTarget: 1
  m_OnCullStateChanged:
    m_PersistentCalls:
      m_Calls: []
    m_TypeName: UnityEngine.UI.MaskableGraphic+CullStateChangedEvent, UnityEngine.UI,
      Version=1.0.0.0, Culture=neutral, PublicKeyToken=null
  m_Sprite: {fileID: 21300000, guid: 7ed1238760b863f4aafde32ab3a6f28c, type: 3}
  m_Type: 1
  m_PreserveAspect: 0
  m_FillCenter: 1
  m_FillMethod: 4
  m_FillAmount: 1
  m_FillClockwise: 1
  m_FillOrigin: 0
--- !u!222 &1313995482
CanvasRenderer:
  m_ObjectHideFlags: 0
  m_PrefabParentObject: {fileID: 22209216, guid: e39e9a09a02695a4b8efddc53c60fec4,
    type: 2}
  m_PrefabInternal: {fileID: 1423957306}
  m_GameObject: {fileID: 1313995479}
--- !u!1 &1318757699
GameObject:
  m_ObjectHideFlags: 0
  m_PrefabParentObject: {fileID: 109208, guid: e39e9a09a02695a4b8efddc53c60fec4, type: 2}
  m_PrefabInternal: {fileID: 1423957306}
  serializedVersion: 5
  m_Component:
  - component: {fileID: 1318757700}
  - component: {fileID: 1318757702}
  - component: {fileID: 1318757701}
  m_Layer: 5
  m_Name: Text
  m_TagString: Untagged
  m_Icon: {fileID: 0}
  m_NavMeshLayer: 0
  m_StaticEditorFlags: 0
  m_IsActive: 1
--- !u!224 &1318757700
RectTransform:
  m_ObjectHideFlags: 0
  m_PrefabParentObject: {fileID: 22409208, guid: e39e9a09a02695a4b8efddc53c60fec4,
    type: 2}
  m_PrefabInternal: {fileID: 1423957306}
  m_GameObject: {fileID: 1318757699}
  m_LocalRotation: {x: 0, y: 0, z: 0.05749819, w: 0.9983457}
  m_LocalPosition: {x: 0, y: 0, z: 0}
  m_LocalScale: {x: 1, y: 1, z: 1}
  m_Children: []
  m_Father: {fileID: 1434119908}
  m_RootOrder: 3
  m_LocalEulerAnglesHint: {x: 0, y: 0, z: 0}
  m_AnchorMin: {x: 0.5, y: 0.5}
  m_AnchorMax: {x: 0.5, y: 0.5}
  m_AnchoredPosition: {x: -139.3003, y: 36.720123}
  m_SizeDelta: {x: 132, y: 102}
  m_Pivot: {x: 0.5, y: 0.5}
--- !u!114 &1318757701
MonoBehaviour:
  m_ObjectHideFlags: 0
  m_PrefabParentObject: {fileID: 11409210, guid: e39e9a09a02695a4b8efddc53c60fec4,
    type: 2}
  m_PrefabInternal: {fileID: 1423957306}
  m_GameObject: {fileID: 1318757699}
  m_Enabled: 1
  m_EditorHideFlags: 0
  m_Script: {fileID: 708705254, guid: f5f67c52d1564df4a8936ccd202a3bd8, type: 3}
  m_Name: 
  m_EditorClassIdentifier: 
  m_Material: {fileID: 0}
  m_Color: {r: 0.12156863, g: 0.81960785, b: 0.5686275, a: 1}
  m_RaycastTarget: 1
  m_OnCullStateChanged:
    m_PersistentCalls:
      m_Calls: []
    m_TypeName: UnityEngine.UI.MaskableGraphic+CullStateChangedEvent, UnityEngine.UI,
      Version=1.0.0.0, Culture=neutral, PublicKeyToken=null
  m_FontData:
    m_Font: {fileID: 12800000, guid: 7dfc2e1472ac84e1bb749a8a9f934483, type: 3}
    m_FontSize: 60
    m_FontStyle: 0
    m_BestFit: 0
    m_MinSize: 10
    m_MaxSize: 60
    m_Alignment: 4
    m_AlignByGeometry: 0
    m_RichText: 1
    m_HorizontalOverflow: 0
    m_VerticalOverflow: 0
    m_LineSpacing: 1
  m_Text: TAP
--- !u!222 &1318757702
CanvasRenderer:
  m_ObjectHideFlags: 0
  m_PrefabParentObject: {fileID: 22209208, guid: e39e9a09a02695a4b8efddc53c60fec4,
    type: 2}
  m_PrefabInternal: {fileID: 1423957306}
  m_GameObject: {fileID: 1318757699}
--- !u!1 &1381539914
GameObject:
  m_ObjectHideFlags: 0
  m_PrefabParentObject: {fileID: 109190, guid: e39e9a09a02695a4b8efddc53c60fec4, type: 2}
  m_PrefabInternal: {fileID: 1423957306}
  serializedVersion: 5
  m_Component:
  - component: {fileID: 1381539915}
  - component: {fileID: 1381539917}
  - component: {fileID: 1381539916}
  m_Layer: 5
  m_Name: Panel
  m_TagString: Untagged
  m_Icon: {fileID: 0}
  m_NavMeshLayer: 0
  m_StaticEditorFlags: 0
  m_IsActive: 1
--- !u!224 &1381539915
RectTransform:
  m_ObjectHideFlags: 0
  m_PrefabParentObject: {fileID: 22409190, guid: e39e9a09a02695a4b8efddc53c60fec4,
    type: 2}
  m_PrefabInternal: {fileID: 1423957306}
  m_GameObject: {fileID: 1381539914}
  m_LocalRotation: {x: 0, y: 0, z: 0, w: 1}
  m_LocalPosition: {x: 0, y: 0, z: 0}
  m_LocalScale: {x: 1, y: 1, z: 1}
  m_Children: []
  m_Father: {fileID: 343293235}
  m_RootOrder: 1
  m_LocalEulerAnglesHint: {x: 0, y: 0, z: 0}
  m_AnchorMin: {x: 0.5, y: 0.5}
  m_AnchorMax: {x: 0.5, y: 0.5}
  m_AnchoredPosition: {x: -493, y: 0}
  m_SizeDelta: {x: 45, y: 44}
  m_Pivot: {x: 0.5, y: 0.5}
--- !u!114 &1381539916
MonoBehaviour:
  m_ObjectHideFlags: 0
  m_PrefabParentObject: {fileID: 11409190, guid: e39e9a09a02695a4b8efddc53c60fec4,
    type: 2}
  m_PrefabInternal: {fileID: 1423957306}
  m_GameObject: {fileID: 1381539914}
  m_Enabled: 1
  m_EditorHideFlags: 0
  m_Script: {fileID: -765806418, guid: f5f67c52d1564df4a8936ccd202a3bd8, type: 3}
  m_Name: 
  m_EditorClassIdentifier: 
  m_Material: {fileID: 0}
  m_Color: {r: 0.12156863, g: 0.8156863, b: 0.5647059, a: 1}
  m_RaycastTarget: 1
  m_OnCullStateChanged:
    m_PersistentCalls:
      m_Calls: []
    m_TypeName: UnityEngine.UI.MaskableGraphic+CullStateChangedEvent, UnityEngine.UI,
      Version=1.0.0.0, Culture=neutral, PublicKeyToken=null
  m_Sprite: {fileID: 21300000, guid: f04f7faa5cfd8444a9b61e426135725f, type: 3}
  m_Type: 0
  m_PreserveAspect: 0
  m_FillCenter: 1
  m_FillMethod: 4
  m_FillAmount: 1
  m_FillClockwise: 1
  m_FillOrigin: 0
--- !u!222 &1381539917
CanvasRenderer:
  m_ObjectHideFlags: 0
  m_PrefabParentObject: {fileID: 22209190, guid: e39e9a09a02695a4b8efddc53c60fec4,
    type: 2}
  m_PrefabInternal: {fileID: 1423957306}
  m_GameObject: {fileID: 1381539914}
--- !u!1001 &1423957306
Prefab:
  m_ObjectHideFlags: 0
  serializedVersion: 2
  m_Modification:
    m_TransformParent: {fileID: 0}
    m_Modifications:
    - target: {fileID: 22409210, guid: e39e9a09a02695a4b8efddc53c60fec4, type: 2}
      propertyPath: m_LocalPosition.x
      value: 0
      objectReference: {fileID: 0}
    - target: {fileID: 22409210, guid: e39e9a09a02695a4b8efddc53c60fec4, type: 2}
      propertyPath: m_LocalPosition.y
      value: 0
      objectReference: {fileID: 0}
    - target: {fileID: 22409210, guid: e39e9a09a02695a4b8efddc53c60fec4, type: 2}
      propertyPath: m_LocalPosition.z
      value: 0
      objectReference: {fileID: 0}
    - target: {fileID: 22409210, guid: e39e9a09a02695a4b8efddc53c60fec4, type: 2}
      propertyPath: m_LocalRotation.x
      value: 0
      objectReference: {fileID: 0}
    - target: {fileID: 22409210, guid: e39e9a09a02695a4b8efddc53c60fec4, type: 2}
      propertyPath: m_LocalRotation.y
      value: 0
      objectReference: {fileID: 0}
    - target: {fileID: 22409210, guid: e39e9a09a02695a4b8efddc53c60fec4, type: 2}
      propertyPath: m_LocalRotation.z
      value: 0
      objectReference: {fileID: 0}
    - target: {fileID: 22409210, guid: e39e9a09a02695a4b8efddc53c60fec4, type: 2}
      propertyPath: m_LocalRotation.w
      value: 1
      objectReference: {fileID: 0}
    - target: {fileID: 22409210, guid: e39e9a09a02695a4b8efddc53c60fec4, type: 2}
      propertyPath: m_RootOrder
      value: 0
      objectReference: {fileID: 0}
    - target: {fileID: 22409210, guid: e39e9a09a02695a4b8efddc53c60fec4, type: 2}
      propertyPath: m_AnchoredPosition.x
      value: 0
      objectReference: {fileID: 0}
    - target: {fileID: 22409210, guid: e39e9a09a02695a4b8efddc53c60fec4, type: 2}
      propertyPath: m_AnchoredPosition.y
      value: 0
      objectReference: {fileID: 0}
    - target: {fileID: 22409210, guid: e39e9a09a02695a4b8efddc53c60fec4, type: 2}
      propertyPath: m_SizeDelta.x
      value: 0
      objectReference: {fileID: 0}
    - target: {fileID: 22409210, guid: e39e9a09a02695a4b8efddc53c60fec4, type: 2}
      propertyPath: m_SizeDelta.y
      value: 0
      objectReference: {fileID: 0}
    - target: {fileID: 22409210, guid: e39e9a09a02695a4b8efddc53c60fec4, type: 2}
      propertyPath: m_AnchorMin.x
      value: 0
      objectReference: {fileID: 0}
    - target: {fileID: 22409210, guid: e39e9a09a02695a4b8efddc53c60fec4, type: 2}
      propertyPath: m_AnchorMin.y
      value: 0
      objectReference: {fileID: 0}
    - target: {fileID: 22409210, guid: e39e9a09a02695a4b8efddc53c60fec4, type: 2}
      propertyPath: m_AnchorMax.x
      value: 0
      objectReference: {fileID: 0}
    - target: {fileID: 22409210, guid: e39e9a09a02695a4b8efddc53c60fec4, type: 2}
      propertyPath: m_AnchorMax.y
      value: 0
      objectReference: {fileID: 0}
    - target: {fileID: 22409210, guid: e39e9a09a02695a4b8efddc53c60fec4, type: 2}
      propertyPath: m_Pivot.x
      value: 0
      objectReference: {fileID: 0}
    - target: {fileID: 22409210, guid: e39e9a09a02695a4b8efddc53c60fec4, type: 2}
      propertyPath: m_Pivot.y
      value: 0
      objectReference: {fileID: 0}
    m_RemovedComponents: []
  m_ParentPrefab: {fileID: 100100000, guid: e39e9a09a02695a4b8efddc53c60fec4, type: 2}
  m_RootGameObject: {fileID: 768739915}
  m_IsPrefabParent: 0
--- !u!1 &1434119907
GameObject:
  m_ObjectHideFlags: 0
  m_PrefabParentObject: {fileID: 109186, guid: e39e9a09a02695a4b8efddc53c60fec4, type: 2}
  m_PrefabInternal: {fileID: 1423957306}
  serializedVersion: 5
  m_Component:
  - component: {fileID: 1434119908}
  - component: {fileID: 1434119910}
  - component: {fileID: 1434119909}
  m_Layer: 5
  m_Name: Player
  m_TagString: Untagged
  m_Icon: {fileID: 0}
  m_NavMeshLayer: 0
  m_StaticEditorFlags: 0
  m_IsActive: 1
--- !u!224 &1434119908
RectTransform:
  m_ObjectHideFlags: 0
  m_PrefabParentObject: {fileID: 22409186, guid: e39e9a09a02695a4b8efddc53c60fec4,
    type: 2}
  m_PrefabInternal: {fileID: 1423957306}
  m_GameObject: {fileID: 1434119907}
  m_LocalRotation: {x: 0, y: 0, z: 0.11665746, w: -0.9931722}
  m_LocalPosition: {x: 0, y: 0, z: 0}
  m_LocalScale: {x: 1, y: 1, z: 1}
  m_Children:
  - {fileID: 1313995480}
  - {fileID: 792793825}
  - {fileID: 184230177}
  - {fileID: 1318757700}
  - {fileID: 1507263684}
  m_Father: {fileID: 911217167}
  m_RootOrder: 7
  m_LocalEulerAnglesHint: {x: 0, y: 0, z: 0}
  m_AnchorMin: {x: 0.5, y: 0.5}
  m_AnchorMax: {x: 0.5, y: 0.5}
  m_AnchoredPosition: {x: -278, y: 43}
  m_SizeDelta: {x: 57, y: 55.1}
  m_Pivot: {x: 0.5, y: 0.5}
--- !u!114 &1434119909
MonoBehaviour:
  m_ObjectHideFlags: 0
  m_PrefabParentObject: {fileID: 11409186, guid: e39e9a09a02695a4b8efddc53c60fec4,
    type: 2}
  m_PrefabInternal: {fileID: 1423957306}
  m_GameObject: {fileID: 1434119907}
  m_Enabled: 1
  m_EditorHideFlags: 0
  m_Script: {fileID: -765806418, guid: f5f67c52d1564df4a8936ccd202a3bd8, type: 3}
  m_Name: 
  m_EditorClassIdentifier: 
  m_Material: {fileID: 0}
  m_Color: {r: 0.12156863, g: 0.8235294, b: 0.57254905, a: 1}
  m_RaycastTarget: 1
  m_OnCullStateChanged:
    m_PersistentCalls:
      m_Calls: []
    m_TypeName: UnityEngine.UI.MaskableGraphic+CullStateChangedEvent, UnityEngine.UI,
      Version=1.0.0.0, Culture=neutral, PublicKeyToken=null
  m_Sprite: {fileID: 21300000, guid: 7ed1238760b863f4aafde32ab3a6f28c, type: 3}
  m_Type: 1
  m_PreserveAspect: 0
  m_FillCenter: 1
  m_FillMethod: 4
  m_FillAmount: 1
  m_FillClockwise: 1
  m_FillOrigin: 0
--- !u!222 &1434119910
CanvasRenderer:
  m_ObjectHideFlags: 0
  m_PrefabParentObject: {fileID: 22209186, guid: e39e9a09a02695a4b8efddc53c60fec4,
    type: 2}
  m_PrefabInternal: {fileID: 1423957306}
  m_GameObject: {fileID: 1434119907}
--- !u!1 &1500371475
GameObject:
  m_ObjectHideFlags: 0
  m_PrefabParentObject: {fileID: 0}
  m_PrefabInternal: {fileID: 0}
  serializedVersion: 5
  m_Component:
  - component: {fileID: 1500371479}
  - component: {fileID: 1500371478}
  - component: {fileID: 1500371477}
  - component: {fileID: 1500371476}
  m_Layer: 0
  m_Name: EventSystem
  m_TagString: Untagged
  m_Icon: {fileID: 0}
  m_NavMeshLayer: 0
  m_StaticEditorFlags: 0
  m_IsActive: 1
--- !u!114 &1500371476
MonoBehaviour:
  m_ObjectHideFlags: 0
  m_PrefabParentObject: {fileID: 0}
  m_PrefabInternal: {fileID: 0}
  m_GameObject: {fileID: 1500371475}
  m_Enabled: 1
  m_EditorHideFlags: 0
  m_Script: {fileID: 1997211142, guid: f5f67c52d1564df4a8936ccd202a3bd8, type: 3}
  m_Name: 
  m_EditorClassIdentifier: 
  m_ForceModuleActive: 0
--- !u!114 &1500371477
MonoBehaviour:
  m_ObjectHideFlags: 0
  m_PrefabParentObject: {fileID: 0}
  m_PrefabInternal: {fileID: 0}
  m_GameObject: {fileID: 1500371475}
  m_Enabled: 1
  m_EditorHideFlags: 0
  m_Script: {fileID: 1077351063, guid: f5f67c52d1564df4a8936ccd202a3bd8, type: 3}
  m_Name: 
  m_EditorClassIdentifier: 
  m_HorizontalAxis: Horizontal
  m_VerticalAxis: Vertical
  m_SubmitButton: Submit
  m_CancelButton: Cancel
  m_InputActionsPerSecond: 10
  m_RepeatDelay: 0.5
  m_ForceModuleActive: 0
--- !u!114 &1500371478
MonoBehaviour:
  m_ObjectHideFlags: 0
  m_PrefabParentObject: {fileID: 0}
  m_PrefabInternal: {fileID: 0}
  m_GameObject: {fileID: 1500371475}
  m_Enabled: 1
  m_EditorHideFlags: 0
  m_Script: {fileID: -619905303, guid: f5f67c52d1564df4a8936ccd202a3bd8, type: 3}
  m_Name: 
  m_EditorClassIdentifier: 
  m_FirstSelected: {fileID: 0}
  m_sendNavigationEvents: 1
  m_DragThreshold: 5
--- !u!4 &1500371479
Transform:
  m_ObjectHideFlags: 0
  m_PrefabParentObject: {fileID: 0}
  m_PrefabInternal: {fileID: 0}
  m_GameObject: {fileID: 1500371475}
  m_LocalRotation: {x: 0, y: 0, z: 0, w: 1}
  m_LocalPosition: {x: 0, y: 0, z: 0}
  m_LocalScale: {x: 1, y: 1, z: 1}
  m_Children: []
  m_Father: {fileID: 0}
  m_RootOrder: 1
  m_LocalEulerAnglesHint: {x: 0, y: 0, z: 0}
--- !u!1 &1507263683
GameObject:
  m_ObjectHideFlags: 0
  m_PrefabParentObject: {fileID: 109194, guid: e39e9a09a02695a4b8efddc53c60fec4, type: 2}
  m_PrefabInternal: {fileID: 1423957306}
  serializedVersion: 5
  m_Component:
  - component: {fileID: 1507263684}
  - component: {fileID: 1507263686}
  - component: {fileID: 1507263685}
  m_Layer: 5
  m_Name: Text
  m_TagString: Untagged
  m_Icon: {fileID: 0}
  m_NavMeshLayer: 0
  m_StaticEditorFlags: 0
  m_IsActive: 1
--- !u!224 &1507263684
RectTransform:
  m_ObjectHideFlags: 0
  m_PrefabParentObject: {fileID: 22409194, guid: e39e9a09a02695a4b8efddc53c60fec4,
    type: 2}
  m_PrefabInternal: {fileID: 1423957306}
  m_GameObject: {fileID: 1507263683}
  m_LocalRotation: {x: 0, y: 0, z: -0.21122366, w: -0.9774378}
  m_LocalPosition: {x: 0, y: 0, z: 0}
  m_LocalScale: {x: 1, y: 1, z: 1}
  m_Children: []
  m_Father: {fileID: 1434119908}
  m_RootOrder: 4
  m_LocalEulerAnglesHint: {x: 0, y: 0, z: 0}
  m_AnchorMin: {x: 0.5, y: 0.5}
  m_AnchorMax: {x: 0.5, y: 0.5}
  m_AnchoredPosition: {x: -78.992325, y: 94.260956}
  m_SizeDelta: {x: 132, y: 102}
  m_Pivot: {x: 0.5, y: 0.5}
--- !u!114 &1507263685
MonoBehaviour:
  m_ObjectHideFlags: 0
  m_PrefabParentObject: {fileID: 11409194, guid: e39e9a09a02695a4b8efddc53c60fec4,
    type: 2}
  m_PrefabInternal: {fileID: 1423957306}
  m_GameObject: {fileID: 1507263683}
  m_Enabled: 1
  m_EditorHideFlags: 0
  m_Script: {fileID: 708705254, guid: f5f67c52d1564df4a8936ccd202a3bd8, type: 3}
  m_Name: 
  m_EditorClassIdentifier: 
  m_Material: {fileID: 0}
  m_Color: {r: 0.12156863, g: 0.81960785, b: 0.5686275, a: 1}
  m_RaycastTarget: 1
  m_OnCullStateChanged:
    m_PersistentCalls:
      m_Calls: []
    m_TypeName: UnityEngine.UI.MaskableGraphic+CullStateChangedEvent, UnityEngine.UI,
      Version=1.0.0.0, Culture=neutral, PublicKeyToken=null
  m_FontData:
    m_Font: {fileID: 12800000, guid: 7dfc2e1472ac84e1bb749a8a9f934483, type: 3}
    m_FontSize: 40
    m_FontStyle: 0
    m_BestFit: 0
    m_MinSize: 10
    m_MaxSize: 40
    m_Alignment: 4
    m_AlignByGeometry: 0
    m_RichText: 1
    m_HorizontalOverflow: 0
    m_VerticalOverflow: 0
    m_LineSpacing: 1
  m_Text: TAP
--- !u!222 &1507263686
CanvasRenderer:
  m_ObjectHideFlags: 0
  m_PrefabParentObject: {fileID: 22209194, guid: e39e9a09a02695a4b8efddc53c60fec4,
    type: 2}
  m_PrefabInternal: {fileID: 1423957306}
  m_GameObject: {fileID: 1507263683}
--- !u!1 &1511305452
GameObject:
  m_ObjectHideFlags: 0
  m_PrefabParentObject: {fileID: 0}
  m_PrefabInternal: {fileID: 0}
  serializedVersion: 5
  m_Component:
  - component: {fileID: 1511305453}
  m_Layer: 0
  m_Name: __SET_YOUR_GAMESCREEN_TO_1136x640
  m_TagString: Untagged
  m_Icon: {fileID: 0}
  m_NavMeshLayer: 0
  m_StaticEditorFlags: 0
  m_IsActive: 1
--- !u!4 &1511305453
Transform:
  m_ObjectHideFlags: 0
  m_PrefabParentObject: {fileID: 0}
  m_PrefabInternal: {fileID: 0}
  m_GameObject: {fileID: 1511305452}
  m_LocalRotation: {x: 0, y: 0, z: 0, w: 1}
  m_LocalPosition: {x: 494.995, y: 627.74, z: 0}
  m_LocalScale: {x: 1, y: 1, z: 1}
  m_Children: []
  m_Father: {fileID: 0}
  m_RootOrder: 2
  m_LocalEulerAnglesHint: {x: 0, y: 0, z: 0}
--- !u!1 &1617703636
GameObject:
  m_ObjectHideFlags: 0
  m_PrefabParentObject: {fileID: 109226, guid: e39e9a09a02695a4b8efddc53c60fec4, type: 2}
  m_PrefabInternal: {fileID: 1423957306}
  serializedVersion: 5
  m_Component:
  - component: {fileID: 1617703637}
  - component: {fileID: 1617703639}
  - component: {fileID: 1617703638}
  m_Layer: 5
  m_Name: MapBlocks
  m_TagString: Untagged
  m_Icon: {fileID: 0}
  m_NavMeshLayer: 0
  m_StaticEditorFlags: 0
  m_IsActive: 1
--- !u!224 &1617703637
RectTransform:
  m_ObjectHideFlags: 0
  m_PrefabParentObject: {fileID: 22409226, guid: e39e9a09a02695a4b8efddc53c60fec4,
    type: 2}
  m_PrefabInternal: {fileID: 1423957306}
  m_GameObject: {fileID: 1617703636}
  m_LocalRotation: {x: 0, y: 0, z: 0, w: 1}
  m_LocalPosition: {x: 0, y: 0, z: 0}
  m_LocalScale: {x: 1, y: 1, z: 1}
  m_Children: []
  m_Father: {fileID: 911217167}
  m_RootOrder: 4
  m_LocalEulerAnglesHint: {x: 0, y: 0, z: 0}
  m_AnchorMin: {x: 0.5, y: 0.5}
  m_AnchorMax: {x: 0.5, y: 0.5}
  m_AnchoredPosition: {x: 388, y: -92}
  m_SizeDelta: {x: 61, y: 255}
  m_Pivot: {x: 0.5, y: 0.5}
--- !u!114 &1617703638
MonoBehaviour:
  m_ObjectHideFlags: 0
  m_PrefabParentObject: {fileID: 11409230, guid: e39e9a09a02695a4b8efddc53c60fec4,
    type: 2}
  m_PrefabInternal: {fileID: 1423957306}
  m_GameObject: {fileID: 1617703636}
  m_Enabled: 1
  m_EditorHideFlags: 0
  m_Script: {fileID: -765806418, guid: f5f67c52d1564df4a8936ccd202a3bd8, type: 3}
  m_Name: 
  m_EditorClassIdentifier: 
  m_Material: {fileID: 0}
  m_Color: {r: 0.18431373, g: 0.18431373, b: 0.22745098, a: 1}
  m_RaycastTarget: 1
  m_OnCullStateChanged:
    m_PersistentCalls:
      m_Calls: []
    m_TypeName: UnityEngine.UI.MaskableGraphic+CullStateChangedEvent, UnityEngine.UI,
      Version=1.0.0.0, Culture=neutral, PublicKeyToken=null
  m_Sprite: {fileID: 21300000, guid: 7ed1238760b863f4aafde32ab3a6f28c, type: 3}
  m_Type: 1
  m_PreserveAspect: 0
  m_FillCenter: 1
  m_FillMethod: 4
  m_FillAmount: 1
  m_FillClockwise: 1
  m_FillOrigin: 0
--- !u!222 &1617703639
CanvasRenderer:
  m_ObjectHideFlags: 0
  m_PrefabParentObject: {fileID: 22209224, guid: e39e9a09a02695a4b8efddc53c60fec4,
    type: 2}
  m_PrefabInternal: {fileID: 1423957306}
  m_GameObject: {fileID: 1617703636}
--- !u!1 &1625752113
GameObject:
  m_ObjectHideFlags: 0
  m_PrefabParentObject: {fileID: 109198, guid: e39e9a09a02695a4b8efddc53c60fec4, type: 2}
  m_PrefabInternal: {fileID: 1423957306}
  serializedVersion: 5
  m_Component:
  - component: {fileID: 1625752114}
  - component: {fileID: 1625752116}
  - component: {fileID: 1625752115}
  m_Layer: 5
  m_Name: AppTitle
  m_TagString: Untagged
  m_Icon: {fileID: 0}
  m_NavMeshLayer: 0
  m_StaticEditorFlags: 0
  m_IsActive: 1
--- !u!224 &1625752114
RectTransform:
  m_ObjectHideFlags: 0
  m_PrefabParentObject: {fileID: 22409198, guid: e39e9a09a02695a4b8efddc53c60fec4,
    type: 2}
  m_PrefabInternal: {fileID: 1423957306}
  m_GameObject: {fileID: 1625752113}
  m_LocalRotation: {x: 0, y: 0, z: 0, w: 1}
  m_LocalPosition: {x: 0, y: 0, z: 0}
  m_LocalScale: {x: 1, y: 1, z: 1}
  m_Children: []
  m_Father: {fileID: 2138240594}
  m_RootOrder: 0
  m_LocalEulerAnglesHint: {x: 0, y: 0, z: 0}
  m_AnchorMin: {x: 0.5, y: 0.5}
  m_AnchorMax: {x: 0.5, y: 0.5}
  m_AnchoredPosition: {x: 295, y: -68}
  m_SizeDelta: {x: 695, y: 109}
  m_Pivot: {x: 0.5, y: 0.5}
--- !u!114 &1625752115
MonoBehaviour:
  m_ObjectHideFlags: 0
  m_PrefabParentObject: {fileID: 11409198, guid: e39e9a09a02695a4b8efddc53c60fec4,
    type: 2}
  m_PrefabInternal: {fileID: 1423957306}
  m_GameObject: {fileID: 1625752113}
  m_Enabled: 1
  m_EditorHideFlags: 0
  m_Script: {fileID: 708705254, guid: f5f67c52d1564df4a8936ccd202a3bd8, type: 3}
  m_Name: 
  m_EditorClassIdentifier: 
  m_Material: {fileID: 0}
  m_Color: {r: 0.85490197, g: 0.85490197, b: 0.85490197, a: 1}
  m_RaycastTarget: 1
  m_OnCullStateChanged:
    m_PersistentCalls:
      m_Calls: []
    m_TypeName: UnityEngine.UI.MaskableGraphic+CullStateChangedEvent, UnityEngine.UI,
      Version=1.0.0.0, Culture=neutral, PublicKeyToken=null
  m_FontData:
    m_Font: {fileID: 12800000, guid: 218956a5c2a6e42d6a60afccf80b002b, type: 3}
    m_FontSize: 40
    m_FontStyle: 0
    m_BestFit: 0
    m_MinSize: 10
    m_MaxSize: 40
    m_Alignment: 0
    m_AlignByGeometry: 0
    m_RichText: 1
    m_HorizontalOverflow: 0
    m_VerticalOverflow: 1
    m_LineSpacing: 1
  m_Text: EXAMPLE
--- !u!222 &1625752116
CanvasRenderer:
  m_ObjectHideFlags: 0
  m_PrefabParentObject: {fileID: 22209198, guid: e39e9a09a02695a4b8efddc53c60fec4,
    type: 2}
  m_PrefabInternal: {fileID: 1423957306}
  m_GameObject: {fileID: 1625752113}
--- !u!1 &1632995128
GameObject:
  m_ObjectHideFlags: 0
  m_PrefabParentObject: {fileID: 109214, guid: e39e9a09a02695a4b8efddc53c60fec4, type: 2}
  m_PrefabInternal: {fileID: 1423957306}
  serializedVersion: 5
  m_Component:
  - component: {fileID: 1632995129}
  - component: {fileID: 1632995131}
  - component: {fileID: 1632995130}
  m_Layer: 5
  m_Name: Text
  m_TagString: Untagged
  m_Icon: {fileID: 0}
  m_NavMeshLayer: 0
  m_StaticEditorFlags: 0
  m_IsActive: 1
--- !u!224 &1632995129
RectTransform:
  m_ObjectHideFlags: 0
  m_PrefabParentObject: {fileID: 22409214, guid: e39e9a09a02695a4b8efddc53c60fec4,
    type: 2}
  m_PrefabInternal: {fileID: 1423957306}
  m_GameObject: {fileID: 1632995128}
  m_LocalRotation: {x: 0, y: 0, z: 0, w: 1}
  m_LocalPosition: {x: 0, y: 0, z: 0}
  m_LocalScale: {x: 1, y: 1, z: 1}
  m_Children: []
  m_Father: {fileID: 343293235}
  m_RootOrder: 2
  m_LocalEulerAnglesHint: {x: 0, y: 0, z: 0}
  m_AnchorMin: {x: 0.5, y: 0.5}
  m_AnchorMax: {x: 0.5, y: 0.5}
  m_AnchoredPosition: {x: -240, y: 0}
  m_SizeDelta: {x: 430, y: 102}
  m_Pivot: {x: 0.5, y: 0.5}
--- !u!114 &1632995130
MonoBehaviour:
  m_ObjectHideFlags: 0
  m_PrefabParentObject: {fileID: 11409218, guid: e39e9a09a02695a4b8efddc53c60fec4,
    type: 2}
  m_PrefabInternal: {fileID: 1423957306}
  m_GameObject: {fileID: 1632995128}
  m_Enabled: 1
  m_EditorHideFlags: 0
  m_Script: {fileID: 708705254, guid: f5f67c52d1564df4a8936ccd202a3bd8, type: 3}
  m_Name: 
  m_EditorClassIdentifier: 
  m_Material: {fileID: 0}
  m_Color: {r: 0.12156863, g: 0.81960785, b: 0.5686275, a: 1}
  m_RaycastTarget: 1
  m_OnCullStateChanged:
    m_PersistentCalls:
      m_Calls: []
    m_TypeName: UnityEngine.UI.MaskableGraphic+CullStateChangedEvent, UnityEngine.UI,
      Version=1.0.0.0, Culture=neutral, PublicKeyToken=null
  m_FontData:
    m_Font: {fileID: 12800000, guid: 7dfc2e1472ac84e1bb749a8a9f934483, type: 3}
    m_FontSize: 40
    m_FontStyle: 0
    m_BestFit: 0
    m_MinSize: 10
    m_MaxSize: 40
    m_Alignment: 3
    m_AlignByGeometry: 0
    m_RichText: 1
    m_HorizontalOverflow: 0
    m_VerticalOverflow: 0
    m_LineSpacing: 1
  m_Text: DISTANCE 200
--- !u!222 &1632995131
CanvasRenderer:
  m_ObjectHideFlags: 0
  m_PrefabParentObject: {fileID: 22209212, guid: e39e9a09a02695a4b8efddc53c60fec4,
    type: 2}
  m_PrefabInternal: {fileID: 1423957306}
  m_GameObject: {fileID: 1632995128}
--- !u!1 &1659098572
GameObject:
  m_ObjectHideFlags: 0
  m_PrefabParentObject: {fileID: 109212, guid: e39e9a09a02695a4b8efddc53c60fec4, type: 2}
  m_PrefabInternal: {fileID: 1423957306}
  serializedVersion: 5
  m_Component:
  - component: {fileID: 1659098573}
  - component: {fileID: 1659098575}
  - component: {fileID: 1659098574}
  m_Layer: 5
  m_Name: MapBlocks
  m_TagString: Untagged
  m_Icon: {fileID: 0}
  m_NavMeshLayer: 0
  m_StaticEditorFlags: 0
  m_IsActive: 1
--- !u!224 &1659098573
RectTransform:
  m_ObjectHideFlags: 0
  m_PrefabParentObject: {fileID: 22409212, guid: e39e9a09a02695a4b8efddc53c60fec4,
    type: 2}
  m_PrefabInternal: {fileID: 1423957306}
  m_GameObject: {fileID: 1659098572}
  m_LocalRotation: {x: 0, y: 0, z: 0, w: 1}
  m_LocalPosition: {x: 0, y: 0, z: 0}
  m_LocalScale: {x: 1, y: 1, z: 1}
  m_Children: []
  m_Father: {fileID: 911217167}
  m_RootOrder: 3
  m_LocalEulerAnglesHint: {x: 0, y: 0, z: 0}
  m_AnchorMin: {x: 0.5, y: 0.5}
  m_AnchorMax: {x: 0.5, y: 0.5}
  m_AnchoredPosition: {x: 388, y: 249}
  m_SizeDelta: {x: 61, y: 142}
  m_Pivot: {x: 0.5, y: 0.5}
--- !u!114 &1659098574
MonoBehaviour:
  m_ObjectHideFlags: 0
  m_PrefabParentObject: {fileID: 11409216, guid: e39e9a09a02695a4b8efddc53c60fec4,
    type: 2}
  m_PrefabInternal: {fileID: 1423957306}
  m_GameObject: {fileID: 1659098572}
  m_Enabled: 1
  m_EditorHideFlags: 0
  m_Script: {fileID: -765806418, guid: f5f67c52d1564df4a8936ccd202a3bd8, type: 3}
  m_Name: 
  m_EditorClassIdentifier: 
  m_Material: {fileID: 0}
  m_Color: {r: 0.18431373, g: 0.18431373, b: 0.22745098, a: 1}
  m_RaycastTarget: 1
  m_OnCullStateChanged:
    m_PersistentCalls:
      m_Calls: []
    m_TypeName: UnityEngine.UI.MaskableGraphic+CullStateChangedEvent, UnityEngine.UI,
      Version=1.0.0.0, Culture=neutral, PublicKeyToken=null
  m_Sprite: {fileID: 21300000, guid: 7ed1238760b863f4aafde32ab3a6f28c, type: 3}
  m_Type: 1
  m_PreserveAspect: 0
  m_FillCenter: 1
  m_FillMethod: 4
  m_FillAmount: 1
  m_FillClockwise: 1
  m_FillOrigin: 0
--- !u!222 &1659098575
CanvasRenderer:
  m_ObjectHideFlags: 0
  m_PrefabParentObject: {fileID: 22209210, guid: e39e9a09a02695a4b8efddc53c60fec4,
    type: 2}
  m_PrefabInternal: {fileID: 1423957306}
  m_GameObject: {fileID: 1659098572}
--- !u!1 &1868916760
GameObject:
  m_ObjectHideFlags: 0
  m_PrefabParentObject: {fileID: 109204, guid: e39e9a09a02695a4b8efddc53c60fec4, type: 2}
  m_PrefabInternal: {fileID: 1423957306}
  serializedVersion: 5
  m_Component:
  - component: {fileID: 1868916761}
  - component: {fileID: 1868916763}
  - component: {fileID: 1868916762}
  m_Layer: 5
  m_Name: Panel
  m_TagString: Untagged
  m_Icon: {fileID: 0}
  m_NavMeshLayer: 0
  m_StaticEditorFlags: 0
  m_IsActive: 1
--- !u!224 &1868916761
RectTransform:
  m_ObjectHideFlags: 0
  m_PrefabParentObject: {fileID: 22409204, guid: e39e9a09a02695a4b8efddc53c60fec4,
    type: 2}
  m_PrefabInternal: {fileID: 1423957306}
  m_GameObject: {fileID: 1868916760}
  m_LocalRotation: {x: 0, y: 0, z: 0, w: 1}
  m_LocalPosition: {x: 0, y: 0, z: 0}
  m_LocalScale: {x: 1, y: 1, z: 1}
  m_Children: []
  m_Father: {fileID: 343293235}
  m_RootOrder: 0
  m_LocalEulerAnglesHint: {x: 0, y: 0, z: 0}
  m_AnchorMin: {x: 0.5, y: 0.5}
  m_AnchorMax: {x: 0.5, y: 0.5}
  m_AnchoredPosition: {x: 489, y: 0}
  m_SizeDelta: {x: 45, y: 44}
  m_Pivot: {x: 0.5, y: 0.5}
--- !u!114 &1868916762
MonoBehaviour:
  m_ObjectHideFlags: 0
  m_PrefabParentObject: {fileID: 11409206, guid: e39e9a09a02695a4b8efddc53c60fec4,
    type: 2}
  m_PrefabInternal: {fileID: 1423957306}
  m_GameObject: {fileID: 1868916760}
  m_Enabled: 1
  m_EditorHideFlags: 0
  m_Script: {fileID: -765806418, guid: f5f67c52d1564df4a8936ccd202a3bd8, type: 3}
  m_Name: 
  m_EditorClassIdentifier: 
  m_Material: {fileID: 0}
  m_Color: {r: 0.94509804, g: 0.2901961, b: 0.4117647, a: 1}
  m_RaycastTarget: 1
  m_OnCullStateChanged:
    m_PersistentCalls:
      m_Calls: []
    m_TypeName: UnityEngine.UI.MaskableGraphic+CullStateChangedEvent, UnityEngine.UI,
      Version=1.0.0.0, Culture=neutral, PublicKeyToken=null
  m_Sprite: {fileID: 21300000, guid: f04f7faa5cfd8444a9b61e426135725f, type: 3}
  m_Type: 0
  m_PreserveAspect: 0
  m_FillCenter: 1
  m_FillMethod: 4
  m_FillAmount: 1
  m_FillClockwise: 1
  m_FillOrigin: 0
--- !u!222 &1868916763
CanvasRenderer:
  m_ObjectHideFlags: 0
  m_PrefabParentObject: {fileID: 22209204, guid: e39e9a09a02695a4b8efddc53c60fec4,
    type: 2}
  m_PrefabInternal: {fileID: 1423957306}
  m_GameObject: {fileID: 1868916760}
--- !u!1 &2138240593
GameObject:
  m_ObjectHideFlags: 0
  m_PrefabParentObject: {fileID: 109220, guid: e39e9a09a02695a4b8efddc53c60fec4, type: 2}
  m_PrefabInternal: {fileID: 1423957306}
  serializedVersion: 5
  m_Component:
  - component: {fileID: 2138240594}
  - component: {fileID: 2138240596}
  - component: {fileID: 2138240595}
  m_Layer: 5
  m_Name: AppTitle
  m_TagString: Untagged
  m_Icon: {fileID: 0}
  m_NavMeshLayer: 0
  m_StaticEditorFlags: 0
  m_IsActive: 1
--- !u!224 &2138240594
RectTransform:
  m_ObjectHideFlags: 0
  m_PrefabParentObject: {fileID: 22409220, guid: e39e9a09a02695a4b8efddc53c60fec4,
    type: 2}
  m_PrefabInternal: {fileID: 1423957306}
  m_GameObject: {fileID: 2138240593}
  m_LocalRotation: {x: 0, y: 0, z: 0, w: 1}
  m_LocalPosition: {x: 0, y: 0, z: 0}
  m_LocalScale: {x: 1, y: 1, z: 1}
  m_Children:
  - {fileID: 1625752114}
  m_Father: {fileID: 768739919}
  m_RootOrder: 0
  m_LocalEulerAnglesHint: {x: 0, y: 0, z: 0}
  m_AnchorMin: {x: 0, y: 0}
  m_AnchorMax: {x: 0, y: 0}
  m_AnchoredPosition: {x: 347.5, y: 706}
  m_SizeDelta: {x: 695, y: 109}
  m_Pivot: {x: 0.5, y: 0.5}
--- !u!114 &2138240595
MonoBehaviour:
  m_ObjectHideFlags: 0
  m_PrefabParentObject: {fileID: 11409224, guid: e39e9a09a02695a4b8efddc53c60fec4,
    type: 2}
  m_PrefabInternal: {fileID: 1423957306}
  m_GameObject: {fileID: 2138240593}
  m_Enabled: 1
  m_EditorHideFlags: 0
  m_Script: {fileID: 708705254, guid: f5f67c52d1564df4a8936ccd202a3bd8, type: 3}
  m_Name: 
  m_EditorClassIdentifier: 
  m_Material: {fileID: 0}
  m_Color: {r: 0.85490197, g: 0.85490197, b: 0.85490197, a: 1}
  m_RaycastTarget: 1
  m_OnCullStateChanged:
    m_PersistentCalls:
      m_Calls: []
    m_TypeName: UnityEngine.UI.MaskableGraphic+CullStateChangedEvent, UnityEngine.UI,
      Version=1.0.0.0, Culture=neutral, PublicKeyToken=null
  m_FontData:
    m_Font: {fileID: 12800000, guid: 218956a5c2a6e42d6a60afccf80b002b, type: 3}
    m_FontSize: 102
    m_FontStyle: 0
    m_BestFit: 0
    m_MinSize: 10
    m_MaxSize: 102
    m_Alignment: 0
    m_AlignByGeometry: 0
    m_RichText: 1
    m_HorizontalOverflow: 0
    m_VerticalOverflow: 1
    m_LineSpacing: 1
  m_Text: GAME
--- !u!222 &2138240596
CanvasRenderer:
  m_ObjectHideFlags: 0
  m_PrefabParentObject: {fileID: 22209218, guid: e39e9a09a02695a4b8efddc53c60fec4,
    type: 2}
  m_PrefabInternal: {fileID: 1423957306}
  m_GameObject: {fileID: 2138240593}
