%YAML 1.1
%TAG !u! tag:unity3d.com,2011:
--- !u!29 &1
OcclusionCullingSettings:
  m_ObjectHideFlags: 0
  serializedVersion: 2
  m_OcclusionBakeSettings:
    smallestOccluder: 5
    smallestHole: 0.25
    backfaceThreshold: 100
  m_SceneGUID: 00000000000000000000000000000000
  m_OcclusionCullingData: {fileID: 0}
--- !u!104 &2
RenderSettings:
  m_ObjectHideFlags: 0
  serializedVersion: 8
  m_Fog: 0
  m_FogColor: {r: 0.5, g: 0.5, b: 0.5, a: 1}
  m_FogMode: 3
  m_FogDensity: 0.01
  m_LinearFogStart: 0
  m_LinearFogEnd: 300
  m_AmbientSkyColor: {r: 0.212, g: 0.227, b: 0.259, a: 1}
  m_AmbientEquatorColor: {r: 0.114, g: 0.125, b: 0.133, a: 1}
  m_AmbientGroundColor: {r: 0.047, g: 0.043, b: 0.035, a: 1}
  m_AmbientIntensity: 1
  m_AmbientMode: 0
  m_SubtractiveShadowColor: {r: 0.42, g: 0.478, b: 0.627, a: 1}
  m_SkyboxMaterial: {fileID: 10304, guid: 0000000000000000f000000000000000, type: 0}
  m_HaloStrength: 0.5
  m_FlareStrength: 1
  m_FlareFadeSpeed: 3
  m_HaloTexture: {fileID: 0}
  m_SpotCookie: {fileID: 10001, guid: 0000000000000000e000000000000000, type: 0}
  m_DefaultReflectionMode: 0
  m_DefaultReflectionResolution: 128
  m_ReflectionBounces: 1
  m_ReflectionIntensity: 1
  m_CustomReflection: {fileID: 0}
  m_Sun: {fileID: 0}
  m_IndirectSpecularColor: {r: 0, g: 0, b: 0, a: 1}
--- !u!157 &4
LightmapSettings:
  m_ObjectHideFlags: 0
  serializedVersion: 11
  m_GIWorkflowMode: 0
  m_GISettings:
    serializedVersion: 2
    m_BounceScale: 1
    m_IndirectOutputScale: 1
    m_AlbedoBoost: 1
    m_TemporalCoherenceThreshold: 1
    m_EnvironmentLightingMode: 0
    m_EnableBakedLightmaps: 1
    m_EnableRealtimeLightmaps: 1
  m_LightmapEditorSettings:
    serializedVersion: 9
    m_Resolution: 2
    m_BakeResolution: 40
    m_TextureWidth: 1024
    m_TextureHeight: 1024
    m_AO: 0
    m_AOMaxDistance: 1
    m_CompAOExponent: 0
    m_CompAOExponentDirect: 0
    m_Padding: 2
    m_LightmapParameters: {fileID: 0}
    m_LightmapsBakeMode: 1
    m_TextureCompression: 1
    m_FinalGather: 0
    m_FinalGatherFiltering: 1
    m_FinalGatherRayCount: 1024
    m_ReflectionCompression: 2
    m_MixedBakeMode: 1
    m_BakeBackend: 0
    m_PVRSampling: 1
    m_PVRDirectSampleCount: 32
    m_PVRSampleCount: 500
    m_PVRBounces: 2
    m_PVRFilterTypeDirect: 0
    m_PVRFilterTypeIndirect: 0
    m_PVRFilterTypeAO: 0
    m_PVRFilteringMode: 0
    m_PVRCulling: 1
    m_PVRFilteringGaussRadiusDirect: 1
    m_PVRFilteringGaussRadiusIndirect: 5
    m_PVRFilteringGaussRadiusAO: 2
    m_PVRFilteringAtrousPositionSigmaDirect: 0.5
    m_PVRFilteringAtrousPositionSigmaIndirect: 2
    m_PVRFilteringAtrousPositionSigmaAO: 1
    m_ShowResolutionOverlay: 1
  m_LightingDataAsset: {fileID: 0}
  m_UseShadowmask: 0
--- !u!196 &5
NavMeshSettings:
  serializedVersion: 2
  m_ObjectHideFlags: 0
  m_BuildSettings:
    serializedVersion: 2
    agentTypeID: 0
    agentRadius: 0.5
    agentHeight: 2
    agentSlope: 45
    agentClimb: 0.4
    ledgeDropHeight: 0
    maxJumpAcrossDistance: 0
    minRegionArea: 2
    manualCellSize: 0
    cellSize: 0.16666667
    manualTileSize: 0
    tileSize: 256
    accuratePlacement: 0
    debug:
      m_Flags: 0
  m_NavMeshData: {fileID: 0}
--- !u!1 &48718760
GameObject:
  m_ObjectHideFlags: 0
  m_PrefabParentObject: {fileID: 176980, guid: d7fc28d7e09e2dc46b281f94d88e032b, type: 2}
  m_PrefabInternal: {fileID: 1272463684}
  serializedVersion: 5
  m_Component:
  - component: {fileID: 48718761}
  - component: {fileID: 48718763}
  - component: {fileID: 48718762}
  m_Layer: 5
  m_Name: AppTitle
  m_TagString: Untagged
  m_Icon: {fileID: 0}
  m_NavMeshLayer: 0
  m_StaticEditorFlags: 0
  m_IsActive: 1
--- !u!224 &48718761
RectTransform:
  m_ObjectHideFlags: 0
  m_PrefabParentObject: {fileID: 22476980, guid: d7fc28d7e09e2dc46b281f94d88e032b,
    type: 2}
  m_PrefabInternal: {fileID: 1272463684}
  m_GameObject: {fileID: 48718760}
  m_LocalRotation: {x: 0, y: 0, z: 0, w: 1}
  m_LocalPosition: {x: 0, y: 0, z: 0}
  m_LocalScale: {x: 1, y: 1, z: 1}
  m_Children: []
  m_Father: {fileID: 561461198}
  m_RootOrder: 0
  m_LocalEulerAnglesHint: {x: 0, y: 0, z: 0}
  m_AnchorMin: {x: 0.5, y: 0.5}
  m_AnchorMax: {x: 0.5, y: 0.5}
  m_AnchoredPosition: {x: 295, y: -68}
  m_SizeDelta: {x: 695, y: 109}
  m_Pivot: {x: 0.5, y: 0.5}
--- !u!114 &48718762
MonoBehaviour:
  m_ObjectHideFlags: 0
  m_PrefabParentObject: {fileID: 11476964, guid: d7fc28d7e09e2dc46b281f94d88e032b,
    type: 2}
  m_PrefabInternal: {fileID: 1272463684}
  m_GameObject: {fileID: 48718760}
  m_Enabled: 1
  m_EditorHideFlags: 0
  m_Script: {fileID: 708705254, guid: f5f67c52d1564df4a8936ccd202a3bd8, type: 3}
  m_Name: 
  m_EditorClassIdentifier: 
  m_Material: {fileID: 0}
  m_Color: {r: 0.85490197, g: 0.85490197, b: 0.85490197, a: 1}
  m_RaycastTarget: 1
  m_OnCullStateChanged:
    m_PersistentCalls:
      m_Calls: []
    m_TypeName: UnityEngine.UI.MaskableGraphic+CullStateChangedEvent, UnityEngine.UI,
      Version=1.0.0.0, Culture=neutral, PublicKeyToken=null
  m_FontData:
    m_Font: {fileID: 12800000, guid: 218956a5c2a6e42d6a60afccf80b002b, type: 3}
    m_FontSize: 40
    m_FontStyle: 0
    m_BestFit: 0
    m_MinSize: 10
    m_MaxSize: 40
    m_Alignment: 0
    m_AlignByGeometry: 0
    m_RichText: 1
    m_HorizontalOverflow: 0
    m_VerticalOverflow: 1
    m_LineSpacing: 1
  m_Text: EXAMPLE
--- !u!222 &48718763
CanvasRenderer:
  m_ObjectHideFlags: 0
  m_PrefabParentObject: {fileID: 22276982, guid: d7fc28d7e09e2dc46b281f94d88e032b,
    type: 2}
  m_PrefabInternal: {fileID: 1272463684}
  m_GameObject: {fileID: 48718760}
--- !u!1 &75185898
GameObject:
  m_ObjectHideFlags: 0
  m_PrefabParentObject: {fileID: 177026, guid: d7fc28d7e09e2dc46b281f94d88e032b, type: 2}
  m_PrefabInternal: {fileID: 1272463684}
  serializedVersion: 5
  m_Component:
  - component: {fileID: 75185899}
  - component: {fileID: 75185901}
  - component: {fileID: 75185900}
  m_Layer: 5
  m_Name: Lines
  m_TagString: Untagged
  m_Icon: {fileID: 0}
  m_NavMeshLayer: 0
  m_StaticEditorFlags: 0
  m_IsActive: 1
--- !u!224 &75185899
RectTransform:
  m_ObjectHideFlags: 0
  m_PrefabParentObject: {fileID: 22477026, guid: d7fc28d7e09e2dc46b281f94d88e032b,
    type: 2}
  m_PrefabInternal: {fileID: 1272463684}
  m_GameObject: {fileID: 75185898}
  m_LocalRotation: {x: 0, y: 0, z: 0, w: 1}
  m_LocalPosition: {x: 0, y: 0, z: 0}
  m_LocalScale: {x: 1.3, y: 1.3, z: 1}
  m_Children: []
  m_Father: {fileID: 1605798619}
  m_RootOrder: 2
  m_LocalEulerAnglesHint: {x: 0, y: 0, z: 0}
  m_AnchorMin: {x: 0.5, y: 0.5}
  m_AnchorMax: {x: 0.5, y: 0.5}
  m_AnchoredPosition: {x: 80, y: 0}
  m_SizeDelta: {x: 5, y: 350}
  m_Pivot: {x: 0.5, y: 0.5}
--- !u!114 &75185900
MonoBehaviour:
  m_ObjectHideFlags: 0
  m_PrefabParentObject: {fileID: 11477026, guid: d7fc28d7e09e2dc46b281f94d88e032b,
    type: 2}
  m_PrefabInternal: {fileID: 1272463684}
  m_GameObject: {fileID: 75185898}
  m_Enabled: 1
  m_EditorHideFlags: 0
  m_Script: {fileID: -765806418, guid: f5f67c52d1564df4a8936ccd202a3bd8, type: 3}
  m_Name: 
  m_EditorClassIdentifier: 
  m_Material: {fileID: 0}
  m_Color: {r: 0.9490196, g: 0.92941177, b: 0.8784314, a: 1}
  m_RaycastTarget: 1
  m_OnCullStateChanged:
    m_PersistentCalls:
      m_Calls: []
    m_TypeName: UnityEngine.UI.MaskableGraphic+CullStateChangedEvent, UnityEngine.UI,
      Version=1.0.0.0, Culture=neutral, PublicKeyToken=null
  m_Sprite: {fileID: 21300000, guid: 7ed1238760b863f4aafde32ab3a6f28c, type: 3}
  m_Type: 1
  m_PreserveAspect: 0
  m_FillCenter: 1
  m_FillMethod: 4
  m_FillAmount: 1
  m_FillClockwise: 1
  m_FillOrigin: 0
--- !u!222 &75185901
CanvasRenderer:
  m_ObjectHideFlags: 0
  m_PrefabParentObject: {fileID: 22277026, guid: d7fc28d7e09e2dc46b281f94d88e032b,
    type: 2}
  m_PrefabInternal: {fileID: 1272463684}
  m_GameObject: {fileID: 75185898}
--- !u!1 &140016815
GameObject:
  m_ObjectHideFlags: 0
  m_PrefabParentObject: {fileID: 177024, guid: d7fc28d7e09e2dc46b281f94d88e032b, type: 2}
  m_PrefabInternal: {fileID: 1272463684}
  serializedVersion: 5
  m_Component:
  - component: {fileID: 140016816}
  - component: {fileID: 140016818}
  - component: {fileID: 140016817}
  m_Layer: 5
  m_Name: Panel
  m_TagString: Untagged
  m_Icon: {fileID: 0}
  m_NavMeshLayer: 0
  m_StaticEditorFlags: 0
  m_IsActive: 1
--- !u!224 &140016816
RectTransform:
  m_ObjectHideFlags: 0
  m_PrefabParentObject: {fileID: 22477024, guid: d7fc28d7e09e2dc46b281f94d88e032b,
    type: 2}
  m_PrefabInternal: {fileID: 1272463684}
  m_GameObject: {fileID: 140016815}
  m_LocalRotation: {x: 0, y: 0, z: 0, w: 1}
  m_LocalPosition: {x: 0, y: 0, z: 0}
  m_LocalScale: {x: 1, y: 1, z: 1}
  m_Children:
  - {fileID: 477590057}
  - {fileID: 912953049}
  m_Father: {fileID: 1103406138}
  m_RootOrder: 0
  m_LocalEulerAnglesHint: {x: 0, y: 0, z: 0}
  m_AnchorMin: {x: 0.5, y: 0.5}
  m_AnchorMax: {x: 0.5, y: 0.5}
  m_AnchoredPosition: {x: 0, y: 4.5}
  m_SizeDelta: {x: 100, y: 100}
  m_Pivot: {x: 0.5, y: 0.5}
--- !u!114 &140016817
MonoBehaviour:
  m_ObjectHideFlags: 0
  m_PrefabParentObject: {fileID: 11477024, guid: d7fc28d7e09e2dc46b281f94d88e032b,
    type: 2}
  m_PrefabInternal: {fileID: 1272463684}
  m_GameObject: {fileID: 140016815}
  m_Enabled: 1
  m_EditorHideFlags: 0
  m_Script: {fileID: -765806418, guid: f5f67c52d1564df4a8936ccd202a3bd8, type: 3}
  m_Name: 
  m_EditorClassIdentifier: 
  m_Material: {fileID: 0}
  m_Color: {r: 0.12156863, g: 0.827451, b: 0.5764706, a: 1}
  m_RaycastTarget: 1
  m_OnCullStateChanged:
    m_PersistentCalls:
      m_Calls: []
    m_TypeName: UnityEngine.UI.MaskableGraphic+CullStateChangedEvent, UnityEngine.UI,
      Version=1.0.0.0, Culture=neutral, PublicKeyToken=null
  m_Sprite: {fileID: 21300000, guid: 291502478103f274da140dc9d17c64dc, type: 3}
  m_Type: 0
  m_PreserveAspect: 0
  m_FillCenter: 1
  m_FillMethod: 4
  m_FillAmount: 1
  m_FillClockwise: 1
  m_FillOrigin: 0
--- !u!222 &140016818
CanvasRenderer:
  m_ObjectHideFlags: 0
  m_PrefabParentObject: {fileID: 22277024, guid: d7fc28d7e09e2dc46b281f94d88e032b,
    type: 2}
  m_PrefabInternal: {fileID: 1272463684}
  m_GameObject: {fileID: 140016815}
--- !u!1 &209139762
GameObject:
  m_ObjectHideFlags: 0
  m_PrefabParentObject: {fileID: 177012, guid: d7fc28d7e09e2dc46b281f94d88e032b, type: 2}
  m_PrefabInternal: {fileID: 1272463684}
  serializedVersion: 5
  m_Component:
  - component: {fileID: 209139763}
  - component: {fileID: 209139765}
  - component: {fileID: 209139764}
  m_Layer: 5
  m_Name: Image
  m_TagString: Untagged
  m_Icon: {fileID: 0}
  m_NavMeshLayer: 0
  m_StaticEditorFlags: 0
  m_IsActive: 1
--- !u!224 &209139763
RectTransform:
  m_ObjectHideFlags: 0
  m_PrefabParentObject: {fileID: 22477012, guid: d7fc28d7e09e2dc46b281f94d88e032b,
    type: 2}
  m_PrefabInternal: {fileID: 1272463684}
  m_GameObject: {fileID: 209139762}
  m_LocalRotation: {x: 0, y: 0, z: 0, w: 1}
  m_LocalPosition: {x: 0, y: 0, z: 0}
  m_LocalScale: {x: 1, y: 1, z: 1}
  m_Children: []
  m_Father: {fileID: 1688441301}
  m_RootOrder: 0
  m_LocalEulerAnglesHint: {x: 0, y: 0, z: 0}
  m_AnchorMin: {x: 0.5, y: 0.5}
  m_AnchorMax: {x: 0.5, y: 0.5}
  m_AnchoredPosition: {x: -0.0000007748604, y: -0.0000007748604}
  m_SizeDelta: {x: 54.4, y: 54.4}
  m_Pivot: {x: 0.5, y: 0.5}
--- !u!114 &209139764
MonoBehaviour:
  m_ObjectHideFlags: 0
  m_PrefabParentObject: {fileID: 11477006, guid: d7fc28d7e09e2dc46b281f94d88e032b,
    type: 2}
  m_PrefabInternal: {fileID: 1272463684}
  m_GameObject: {fileID: 209139762}
  m_Enabled: 1
  m_EditorHideFlags: 0
  m_Script: {fileID: -765806418, guid: f5f67c52d1564df4a8936ccd202a3bd8, type: 3}
  m_Name: 
  m_EditorClassIdentifier: 
  m_Material: {fileID: 0}
  m_Color: {r: 0.94509804, g: 0.9254902, b: 0.8745098, a: 1}
  m_RaycastTarget: 1
  m_OnCullStateChanged:
    m_PersistentCalls:
      m_Calls: []
    m_TypeName: UnityEngine.UI.MaskableGraphic+CullStateChangedEvent, UnityEngine.UI,
      Version=1.0.0.0, Culture=neutral, PublicKeyToken=null
  m_Sprite: {fileID: 21300000, guid: 377a4d562faa09d48bca2591c4304545, type: 3}
  m_Type: 0
  m_PreserveAspect: 0
  m_FillCenter: 1
  m_FillMethod: 4
  m_FillAmount: 1
  m_FillClockwise: 1
  m_FillOrigin: 0
--- !u!222 &209139765
CanvasRenderer:
  m_ObjectHideFlags: 0
  m_PrefabParentObject: {fileID: 22277014, guid: d7fc28d7e09e2dc46b281f94d88e032b,
    type: 2}
  m_PrefabInternal: {fileID: 1272463684}
  m_GameObject: {fileID: 209139762}
--- !u!1 &236499187
GameObject:
  m_ObjectHideFlags: 0
  m_PrefabParentObject: {fileID: 177028, guid: d7fc28d7e09e2dc46b281f94d88e032b, type: 2}
  m_PrefabInternal: {fileID: 1272463684}
  serializedVersion: 5
  m_Component:
  - component: {fileID: 236499188}
  - component: {fileID: 236499190}
  - component: {fileID: 236499189}
  m_Layer: 5
  m_Name: Image
  m_TagString: Untagged
  m_Icon: {fileID: 0}
  m_NavMeshLayer: 0
  m_StaticEditorFlags: 0
  m_IsActive: 1
--- !u!224 &236499188
RectTransform:
  m_ObjectHideFlags: 0
  m_PrefabParentObject: {fileID: 22477028, guid: d7fc28d7e09e2dc46b281f94d88e032b,
    type: 2}
  m_PrefabInternal: {fileID: 1272463684}
  m_GameObject: {fileID: 236499187}
  m_LocalRotation: {x: 0, y: 0, z: -0.3826835, w: 0.92387956}
  m_LocalPosition: {x: 0, y: 0, z: 0}
  m_LocalScale: {x: 1, y: 1, z: 1}
  m_Children: []
  m_Father: {fileID: 1175537320}
  m_RootOrder: 1
  m_LocalEulerAnglesHint: {x: 0, y: 0, z: 0}
  m_AnchorMin: {x: 0.5, y: 0.5}
  m_AnchorMax: {x: 0.5, y: 0.5}
  m_AnchoredPosition: {x: 0, y: 0}
  m_SizeDelta: {x: 58.2, y: 8.2}
  m_Pivot: {x: 0.5, y: 0.5}
--- !u!114 &236499189
MonoBehaviour:
  m_ObjectHideFlags: 0
  m_PrefabParentObject: {fileID: 11477028, guid: d7fc28d7e09e2dc46b281f94d88e032b,
    type: 2}
  m_PrefabInternal: {fileID: 1272463684}
  m_GameObject: {fileID: 236499187}
  m_Enabled: 1
  m_EditorHideFlags: 0
  m_Script: {fileID: -765806418, guid: f5f67c52d1564df4a8936ccd202a3bd8, type: 3}
  m_Name: 
  m_EditorClassIdentifier: 
  m_Material: {fileID: 0}
  m_Color: {r: 0.94509804, g: 0.9254902, b: 0.8745098, a: 1}
  m_RaycastTarget: 1
  m_OnCullStateChanged:
    m_PersistentCalls:
      m_Calls: []
    m_TypeName: UnityEngine.UI.MaskableGraphic+CullStateChangedEvent, UnityEngine.UI,
      Version=1.0.0.0, Culture=neutral, PublicKeyToken=null
  m_Sprite: {fileID: 21300000, guid: 7ed1238760b863f4aafde32ab3a6f28c, type: 3}
  m_Type: 1
  m_PreserveAspect: 0
  m_FillCenter: 1
  m_FillMethod: 4
  m_FillAmount: 1
  m_FillClockwise: 1
  m_FillOrigin: 0
--- !u!222 &236499190
CanvasRenderer:
  m_ObjectHideFlags: 0
  m_PrefabParentObject: {fileID: 22277028, guid: d7fc28d7e09e2dc46b281f94d88e032b,
    type: 2}
  m_PrefabInternal: {fileID: 1272463684}
  m_GameObject: {fileID: 236499187}
--- !u!1 &262293251
GameObject:
  m_ObjectHideFlags: 0
  m_PrefabParentObject: {fileID: 176990, guid: d7fc28d7e09e2dc46b281f94d88e032b, type: 2}
  m_PrefabInternal: {fileID: 1272463684}
  serializedVersion: 5
  m_Component:
  - component: {fileID: 262293252}
  - component: {fileID: 262293254}
  - component: {fileID: 262293253}
  m_Layer: 5
  m_Name: Image
  m_TagString: Untagged
  m_Icon: {fileID: 0}
  m_NavMeshLayer: 0
  m_StaticEditorFlags: 0
  m_IsActive: 1
--- !u!224 &262293252
RectTransform:
  m_ObjectHideFlags: 0
  m_PrefabParentObject: {fileID: 22476990, guid: d7fc28d7e09e2dc46b281f94d88e032b,
    type: 2}
  m_PrefabInternal: {fileID: 1272463684}
  m_GameObject: {fileID: 262293251}
  m_LocalRotation: {x: 0, y: 0, z: 0.3826835, w: 0.92387956}
  m_LocalPosition: {x: 0, y: 0, z: 0}
  m_LocalScale: {x: 1, y: 1, z: 1}
  m_Children: []
  m_Father: {fileID: 2059793364}
  m_RootOrder: 0
  m_LocalEulerAnglesHint: {x: 0, y: 0, z: 0}
  m_AnchorMin: {x: 0.5, y: 0.5}
  m_AnchorMax: {x: 0.5, y: 0.5}
  m_AnchoredPosition: {x: 0, y: 0}
  m_SizeDelta: {x: 58.2, y: 8.2}
  m_Pivot: {x: 0.5, y: 0.5}
--- !u!114 &262293253
MonoBehaviour:
  m_ObjectHideFlags: 0
  m_PrefabParentObject: {fileID: 11476980, guid: d7fc28d7e09e2dc46b281f94d88e032b,
    type: 2}
  m_PrefabInternal: {fileID: 1272463684}
  m_GameObject: {fileID: 262293251}
  m_Enabled: 1
  m_EditorHideFlags: 0
  m_Script: {fileID: -765806418, guid: f5f67c52d1564df4a8936ccd202a3bd8, type: 3}
  m_Name: 
  m_EditorClassIdentifier: 
  m_Material: {fileID: 0}
  m_Color: {r: 0.94509804, g: 0.9254902, b: 0.8745098, a: 1}
  m_RaycastTarget: 1
  m_OnCullStateChanged:
    m_PersistentCalls:
      m_Calls: []
    m_TypeName: UnityEngine.UI.MaskableGraphic+CullStateChangedEvent, UnityEngine.UI,
      Version=1.0.0.0, Culture=neutral, PublicKeyToken=null
  m_Sprite: {fileID: 21300000, guid: 7ed1238760b863f4aafde32ab3a6f28c, type: 3}
  m_Type: 1
  m_PreserveAspect: 0
  m_FillCenter: 1
  m_FillMethod: 4
  m_FillAmount: 1
  m_FillClockwise: 1
  m_FillOrigin: 0
--- !u!222 &262293254
CanvasRenderer:
  m_ObjectHideFlags: 0
  m_PrefabParentObject: {fileID: 22276992, guid: d7fc28d7e09e2dc46b281f94d88e032b,
    type: 2}
  m_PrefabInternal: {fileID: 1272463684}
  m_GameObject: {fileID: 262293251}
--- !u!1 &329213036
GameObject:
  m_ObjectHideFlags: 0
  m_PrefabParentObject: {fileID: 176996, guid: d7fc28d7e09e2dc46b281f94d88e032b, type: 2}
  m_PrefabInternal: {fileID: 1272463684}
  serializedVersion: 5
  m_Component:
  - component: {fileID: 329213037}
  - component: {fileID: 329213039}
  - component: {fileID: 329213038}
  m_Layer: 5
  m_Name: Image
  m_TagString: Untagged
  m_Icon: {fileID: 0}
  m_NavMeshLayer: 0
  m_StaticEditorFlags: 0
  m_IsActive: 1
--- !u!224 &329213037
RectTransform:
  m_ObjectHideFlags: 0
  m_PrefabParentObject: {fileID: 22476996, guid: d7fc28d7e09e2dc46b281f94d88e032b,
    type: 2}
  m_PrefabInternal: {fileID: 1272463684}
  m_GameObject: {fileID: 329213036}
  m_LocalRotation: {x: 0, y: 0, z: 0.3826835, w: 0.92387956}
  m_LocalPosition: {x: 0, y: 0, z: 0}
  m_LocalScale: {x: 1, y: 1, z: 1}
  m_Children: []
  m_Father: {fileID: 1175537320}
  m_RootOrder: 0
  m_LocalEulerAnglesHint: {x: 0, y: 0, z: 0}
  m_AnchorMin: {x: 0.5, y: 0.5}
  m_AnchorMax: {x: 0.5, y: 0.5}
  m_AnchoredPosition: {x: 0, y: 0}
  m_SizeDelta: {x: 58.2, y: 8.2}
  m_Pivot: {x: 0.5, y: 0.5}
--- !u!114 &329213038
MonoBehaviour:
  m_ObjectHideFlags: 0
  m_PrefabParentObject: {fileID: 11476988, guid: d7fc28d7e09e2dc46b281f94d88e032b,
    type: 2}
  m_PrefabInternal: {fileID: 1272463684}
  m_GameObject: {fileID: 329213036}
  m_Enabled: 1
  m_EditorHideFlags: 0
  m_Script: {fileID: -765806418, guid: f5f67c52d1564df4a8936ccd202a3bd8, type: 3}
  m_Name: 
  m_EditorClassIdentifier: 
  m_Material: {fileID: 0}
  m_Color: {r: 0.94509804, g: 0.9254902, b: 0.8745098, a: 1}
  m_RaycastTarget: 1
  m_OnCullStateChanged:
    m_PersistentCalls:
      m_Calls: []
    m_TypeName: UnityEngine.UI.MaskableGraphic+CullStateChangedEvent, UnityEngine.UI,
      Version=1.0.0.0, Culture=neutral, PublicKeyToken=null
  m_Sprite: {fileID: 21300000, guid: 7ed1238760b863f4aafde32ab3a6f28c, type: 3}
  m_Type: 1
  m_PreserveAspect: 0
  m_FillCenter: 1
  m_FillMethod: 4
  m_FillAmount: 1
  m_FillClockwise: 1
  m_FillOrigin: 0
--- !u!222 &329213039
CanvasRenderer:
  m_ObjectHideFlags: 0
  m_PrefabParentObject: {fileID: 22276998, guid: d7fc28d7e09e2dc46b281f94d88e032b,
    type: 2}
  m_PrefabInternal: {fileID: 1272463684}
  m_GameObject: {fileID: 329213036}
--- !u!1 &331014314
GameObject:
  m_ObjectHideFlags: 0
  m_PrefabParentObject: {fileID: 177020, guid: d7fc28d7e09e2dc46b281f94d88e032b, type: 2}
  m_PrefabInternal: {fileID: 1272463684}
  serializedVersion: 5
  m_Component:
  - component: {fileID: 331014318}
  - component: {fileID: 331014317}
  - component: {fileID: 331014316}
  - component: {fileID: 331014315}
  m_Layer: 5
  m_Name: GameExample_15
  m_TagString: Untagged
  m_Icon: {fileID: 0}
  m_NavMeshLayer: 0
  m_StaticEditorFlags: 0
  m_IsActive: 1
--- !u!114 &331014315
MonoBehaviour:
  m_ObjectHideFlags: 0
  m_PrefabParentObject: {fileID: 11477020, guid: d7fc28d7e09e2dc46b281f94d88e032b,
    type: 2}
  m_PrefabInternal: {fileID: 1272463684}
  m_GameObject: {fileID: 331014314}
  m_Enabled: 1
  m_EditorHideFlags: 0
  m_Script: {fileID: 1301386320, guid: f5f67c52d1564df4a8936ccd202a3bd8, type: 3}
  m_Name: 
  m_EditorClassIdentifier: 
  m_IgnoreReversedGraphics: 1
  m_BlockingObjects: 0
  m_BlockingMask:
    serializedVersion: 2
    m_Bits: 4294967295
--- !u!114 &331014316
MonoBehaviour:
  m_ObjectHideFlags: 0
  m_PrefabParentObject: {fileID: 11477018, guid: d7fc28d7e09e2dc46b281f94d88e032b,
    type: 2}
  m_PrefabInternal: {fileID: 1272463684}
  m_GameObject: {fileID: 331014314}
  m_Enabled: 1
  m_EditorHideFlags: 0
  m_Script: {fileID: 1980459831, guid: f5f67c52d1564df4a8936ccd202a3bd8, type: 3}
  m_Name: 
  m_EditorClassIdentifier: 
  m_UiScaleMode: 1
  m_ReferencePixelsPerUnit: 100
  m_ScaleFactor: 1
  m_ReferenceResolution: {x: 640, y: 1136}
  m_ScreenMatchMode: 0
  m_MatchWidthOrHeight: 1
  m_PhysicalUnit: 3
  m_FallbackScreenDPI: 96
  m_DefaultSpriteDPI: 96
  m_DynamicPixelsPerUnit: 1
--- !u!223 &331014317
Canvas:
  m_ObjectHideFlags: 0
  m_PrefabParentObject: {fileID: 22377032, guid: d7fc28d7e09e2dc46b281f94d88e032b,
    type: 2}
  m_PrefabInternal: {fileID: 1272463684}
  m_GameObject: {fileID: 331014314}
  m_Enabled: 1
  serializedVersion: 3
  m_RenderMode: 0
  m_Camera: {fileID: 0}
  m_PlaneDistance: 100
  m_PixelPerfect: 1
  m_ReceivesEvents: 1
  m_OverrideSorting: 0
  m_OverridePixelPerfect: 0
  m_SortingBucketNormalizedSize: 0
  m_AdditionalShaderChannelsFlag: 25
  m_SortingLayerID: 0
  m_SortingOrder: 0
  m_TargetDisplay: 0
--- !u!224 &331014318
RectTransform:
  m_ObjectHideFlags: 0
  m_PrefabParentObject: {fileID: 22477020, guid: d7fc28d7e09e2dc46b281f94d88e032b,
    type: 2}
  m_PrefabInternal: {fileID: 1272463684}
  m_GameObject: {fileID: 331014314}
  m_LocalRotation: {x: 0, y: 0, z: 0, w: 1}
  m_LocalPosition: {x: 0, y: 0, z: 0}
  m_LocalScale: {x: 0, y: 0, z: 0}
  m_Children:
  - {fileID: 561461198}
  - {fileID: 1605798619}
  m_Father: {fileID: 0}
  m_RootOrder: 0
  m_LocalEulerAnglesHint: {x: 0, y: 0, z: 0}
  m_AnchorMin: {x: 0, y: 0}
  m_AnchorMax: {x: 0, y: 0}
  m_AnchoredPosition: {x: 0, y: 0}
  m_SizeDelta: {x: 0, y: 0}
  m_Pivot: {x: 0, y: 0}
--- !u!1 &477590056
GameObject:
  m_ObjectHideFlags: 0
  m_PrefabParentObject: {fileID: 177010, guid: d7fc28d7e09e2dc46b281f94d88e032b, type: 2}
  m_PrefabInternal: {fileID: 1272463684}
  serializedVersion: 5
  m_Component:
  - component: {fileID: 477590057}
  - component: {fileID: 477590059}
  - component: {fileID: 477590058}
  m_Layer: 5
  m_Name: Image
  m_TagString: Untagged
  m_Icon: {fileID: 0}
  m_NavMeshLayer: 0
  m_StaticEditorFlags: 0
  m_IsActive: 1
--- !u!224 &477590057
RectTransform:
  m_ObjectHideFlags: 0
  m_PrefabParentObject: {fileID: 22477010, guid: d7fc28d7e09e2dc46b281f94d88e032b,
    type: 2}
  m_PrefabInternal: {fileID: 1272463684}
  m_GameObject: {fileID: 477590056}
  m_LocalRotation: {x: 0, y: 0, z: 0.3826835, w: 0.92387956}
  m_LocalPosition: {x: 0, y: 0, z: 0}
  m_LocalScale: {x: 1, y: 1, z: 1}
  m_Children: []
  m_Father: {fileID: 140016816}
  m_RootOrder: 0
  m_LocalEulerAnglesHint: {x: 0, y: 0, z: 0}
  m_AnchorMin: {x: 0.5, y: 0.5}
  m_AnchorMax: {x: 0.5, y: 0.5}
  m_AnchoredPosition: {x: 0, y: 0}
  m_SizeDelta: {x: 58.2, y: 8.2}
  m_Pivot: {x: 0.5, y: 0.5}
--- !u!114 &477590058
MonoBehaviour:
  m_ObjectHideFlags: 0
  m_PrefabParentObject: {fileID: 11477004, guid: d7fc28d7e09e2dc46b281f94d88e032b,
    type: 2}
  m_PrefabInternal: {fileID: 1272463684}
  m_GameObject: {fileID: 477590056}
  m_Enabled: 1
  m_EditorHideFlags: 0
  m_Script: {fileID: -765806418, guid: f5f67c52d1564df4a8936ccd202a3bd8, type: 3}
  m_Name: 
  m_EditorClassIdentifier: 
  m_Material: {fileID: 0}
  m_Color: {r: 0.94509804, g: 0.9254902, b: 0.8745098, a: 1}
  m_RaycastTarget: 1
  m_OnCullStateChanged:
    m_PersistentCalls:
      m_Calls: []
    m_TypeName: UnityEngine.UI.MaskableGraphic+CullStateChangedEvent, UnityEngine.UI,
      Version=1.0.0.0, Culture=neutral, PublicKeyToken=null
  m_Sprite: {fileID: 21300000, guid: 7ed1238760b863f4aafde32ab3a6f28c, type: 3}
  m_Type: 1
  m_PreserveAspect: 0
  m_FillCenter: 1
  m_FillMethod: 4
  m_FillAmount: 1
  m_FillClockwise: 1
  m_FillOrigin: 0
--- !u!222 &477590059
CanvasRenderer:
  m_ObjectHideFlags: 0
  m_PrefabParentObject: {fileID: 22277012, guid: d7fc28d7e09e2dc46b281f94d88e032b,
    type: 2}
  m_PrefabInternal: {fileID: 1272463684}
  m_GameObject: {fileID: 477590056}
--- !u!1 &561461197
GameObject:
  m_ObjectHideFlags: 0
  m_PrefabParentObject: {fileID: 176974, guid: d7fc28d7e09e2dc46b281f94d88e032b, type: 2}
  m_PrefabInternal: {fileID: 1272463684}
  serializedVersion: 5
  m_Component:
  - component: {fileID: 561461198}
  - component: {fileID: 561461200}
  - component: {fileID: 561461199}
  m_Layer: 5
  m_Name: AppTitle
  m_TagString: Untagged
  m_Icon: {fileID: 0}
  m_NavMeshLayer: 0
  m_StaticEditorFlags: 0
  m_IsActive: 1
--- !u!224 &561461198
RectTransform:
  m_ObjectHideFlags: 0
  m_PrefabParentObject: {fileID: 22476974, guid: d7fc28d7e09e2dc46b281f94d88e032b,
    type: 2}
  m_PrefabInternal: {fileID: 1272463684}
  m_GameObject: {fileID: 561461197}
  m_LocalRotation: {x: 0, y: 0, z: 0, w: 1}
  m_LocalPosition: {x: 0, y: 0, z: 0}
  m_LocalScale: {x: 1, y: 1, z: 1}
  m_Children:
  - {fileID: 48718761}
  m_Father: {fileID: 331014318}
  m_RootOrder: 0
  m_LocalEulerAnglesHint: {x: 0, y: 0, z: 0}
  m_AnchorMin: {x: 0.5, y: 0.5}
  m_AnchorMax: {x: 0.5, y: 0.5}
  m_AnchoredPosition: {x: 27.495, y: 633}
  m_SizeDelta: {x: 695, y: 109}
  m_Pivot: {x: 0.5, y: 0.5}
--- !u!114 &561461199
MonoBehaviour:
  m_ObjectHideFlags: 0
  m_PrefabParentObject: {fileID: 11476958, guid: d7fc28d7e09e2dc46b281f94d88e032b,
    type: 2}
  m_PrefabInternal: {fileID: 1272463684}
  m_GameObject: {fileID: 561461197}
  m_Enabled: 1
  m_EditorHideFlags: 0
  m_Script: {fileID: 708705254, guid: f5f67c52d1564df4a8936ccd202a3bd8, type: 3}
  m_Name: 
  m_EditorClassIdentifier: 
  m_Material: {fileID: 0}
  m_Color: {r: 0.85490197, g: 0.85490197, b: 0.85490197, a: 1}
  m_RaycastTarget: 1
  m_OnCullStateChanged:
    m_PersistentCalls:
      m_Calls: []
    m_TypeName: UnityEngine.UI.MaskableGraphic+CullStateChangedEvent, UnityEngine.UI,
      Version=1.0.0.0, Culture=neutral, PublicKeyToken=null
  m_FontData:
    m_Font: {fileID: 12800000, guid: 218956a5c2a6e42d6a60afccf80b002b, type: 3}
    m_FontSize: 102
    m_FontStyle: 0
    m_BestFit: 0
    m_MinSize: 10
    m_MaxSize: 102
    m_Alignment: 0
    m_AlignByGeometry: 0
    m_RichText: 1
    m_HorizontalOverflow: 0
    m_VerticalOverflow: 1
    m_LineSpacing: 1
  m_Text: GAME
--- !u!222 &561461200
CanvasRenderer:
  m_ObjectHideFlags: 0
  m_PrefabParentObject: {fileID: 22276976, guid: d7fc28d7e09e2dc46b281f94d88e032b,
    type: 2}
  m_PrefabInternal: {fileID: 1272463684}
  m_GameObject: {fileID: 561461197}
--- !u!1 &591068823
GameObject:
  m_ObjectHideFlags: 0
  m_PrefabParentObject: {fileID: 176978, guid: d7fc28d7e09e2dc46b281f94d88e032b, type: 2}
  m_PrefabInternal: {fileID: 1272463684}
  serializedVersion: 5
  m_Component:
  - component: {fileID: 591068824}
  - component: {fileID: 591068826}
  - component: {fileID: 591068825}
  m_Layer: 5
  m_Name: Lines
  m_TagString: Untagged
  m_Icon: {fileID: 0}
  m_NavMeshLayer: 0
  m_StaticEditorFlags: 0
  m_IsActive: 1
--- !u!224 &591068824
RectTransform:
  m_ObjectHideFlags: 0
  m_PrefabParentObject: {fileID: 22476978, guid: d7fc28d7e09e2dc46b281f94d88e032b,
    type: 2}
  m_PrefabInternal: {fileID: 1272463684}
  m_GameObject: {fileID: 591068823}
  m_LocalRotation: {x: 0, y: 0, z: 0, w: 1}
  m_LocalPosition: {x: 0, y: 0, z: 0}
  m_LocalScale: {x: 1.3, y: 1.3, z: 1}
  m_Children: []
  m_Father: {fileID: 1605798619}
  m_RootOrder: 3
  m_LocalEulerAnglesHint: {x: 0, y: 0, z: 0}
  m_AnchorMin: {x: 0.5, y: 0.5}
  m_AnchorMax: {x: 0.5, y: 0.5}
  m_AnchoredPosition: {x: -80, y: 0}
  m_SizeDelta: {x: 5, y: 350}
  m_Pivot: {x: 0.5, y: 0.5}
--- !u!114 &591068825
MonoBehaviour:
  m_ObjectHideFlags: 0
  m_PrefabParentObject: {fileID: 11476962, guid: d7fc28d7e09e2dc46b281f94d88e032b,
    type: 2}
  m_PrefabInternal: {fileID: 1272463684}
  m_GameObject: {fileID: 591068823}
  m_Enabled: 1
  m_EditorHideFlags: 0
  m_Script: {fileID: -765806418, guid: f5f67c52d1564df4a8936ccd202a3bd8, type: 3}
  m_Name: 
  m_EditorClassIdentifier: 
  m_Material: {fileID: 0}
  m_Color: {r: 0.9490196, g: 0.92941177, b: 0.8784314, a: 1}
  m_RaycastTarget: 1
  m_OnCullStateChanged:
    m_PersistentCalls:
      m_Calls: []
    m_TypeName: UnityEngine.UI.MaskableGraphic+CullStateChangedEvent, UnityEngine.UI,
      Version=1.0.0.0, Culture=neutral, PublicKeyToken=null
  m_Sprite: {fileID: 21300000, guid: 7ed1238760b863f4aafde32ab3a6f28c, type: 3}
  m_Type: 1
  m_PreserveAspect: 0
  m_FillCenter: 1
  m_FillMethod: 4
  m_FillAmount: 1
  m_FillClockwise: 1
  m_FillOrigin: 0
--- !u!222 &591068826
CanvasRenderer:
  m_ObjectHideFlags: 0
  m_PrefabParentObject: {fileID: 22276980, guid: d7fc28d7e09e2dc46b281f94d88e032b,
    type: 2}
  m_PrefabInternal: {fileID: 1272463684}
  m_GameObject: {fileID: 591068823}
--- !u!1 &610942723
GameObject:
  m_ObjectHideFlags: 0
  m_PrefabParentObject: {fileID: 177006, guid: d7fc28d7e09e2dc46b281f94d88e032b, type: 2}
  m_PrefabInternal: {fileID: 1272463684}
  serializedVersion: 5
  m_Component:
  - component: {fileID: 610942724}
  - component: {fileID: 610942726}
  - component: {fileID: 610942725}
  m_Layer: 5
  m_Name: Text
  m_TagString: Untagged
  m_Icon: {fileID: 0}
  m_NavMeshLayer: 0
  m_StaticEditorFlags: 0
  m_IsActive: 1
--- !u!224 &610942724
RectTransform:
  m_ObjectHideFlags: 0
  m_PrefabParentObject: {fileID: 22477006, guid: d7fc28d7e09e2dc46b281f94d88e032b,
    type: 2}
  m_PrefabInternal: {fileID: 1272463684}
  m_GameObject: {fileID: 610942723}
  m_LocalRotation: {x: 0, y: 0, z: 0, w: 1}
  m_LocalPosition: {x: 0, y: 0, z: 0}
  m_LocalScale: {x: 2.6666667, y: 2.6666667, z: 1}
  m_Children: []
  m_Father: {fileID: 1820695790}
  m_RootOrder: 0
  m_LocalEulerAnglesHint: {x: 0, y: 0, z: 0}
  m_AnchorMin: {x: 0.5, y: 0.5}
  m_AnchorMax: {x: 0.5, y: 0.5}
  m_AnchoredPosition: {x: 0, y: -117.6669}
  m_SizeDelta: {x: 185.18, y: 67.6}
  m_Pivot: {x: 0.5, y: 0.5}
--- !u!114 &610942725
MonoBehaviour:
  m_ObjectHideFlags: 0
  m_PrefabParentObject: {fileID: 11477000, guid: d7fc28d7e09e2dc46b281f94d88e032b,
    type: 2}
  m_PrefabInternal: {fileID: 1272463684}
  m_GameObject: {fileID: 610942723}
  m_Enabled: 1
  m_EditorHideFlags: 0
  m_Script: {fileID: 708705254, guid: f5f67c52d1564df4a8936ccd202a3bd8, type: 3}
  m_Name: 
  m_EditorClassIdentifier: 
  m_Material: {fileID: 0}
  m_Color: {r: 0.12156863, g: 0.81960785, b: 0.5686275, a: 1}
  m_RaycastTarget: 1
  m_OnCullStateChanged:
    m_PersistentCalls:
      m_Calls: []
    m_TypeName: UnityEngine.UI.MaskableGraphic+CullStateChangedEvent, UnityEngine.UI,
      Version=1.0.0.0, Culture=neutral, PublicKeyToken=null
  m_FontData:
    m_Font: {fileID: 12800000, guid: 7dfc2e1472ac84e1bb749a8a9f934483, type: 3}
    m_FontSize: 48
    m_FontStyle: 0
    m_BestFit: 0
    m_MinSize: 10
    m_MaxSize: 48
    m_Alignment: 4
    m_AlignByGeometry: 0
    m_RichText: 1
    m_HorizontalOverflow: 0
    m_VerticalOverflow: 0
    m_LineSpacing: 1
  m_Text: MOVE
--- !u!222 &610942726
CanvasRenderer:
  m_ObjectHideFlags: 0
  m_PrefabParentObject: {fileID: 22277008, guid: d7fc28d7e09e2dc46b281f94d88e032b,
    type: 2}
  m_PrefabInternal: {fileID: 1272463684}
  m_GameObject: {fileID: 610942723}
--- !u!1 &676059033
GameObject:
  m_ObjectHideFlags: 0
  m_PrefabParentObject: {fileID: 176972, guid: d7fc28d7e09e2dc46b281f94d88e032b, type: 2}
  m_PrefabInternal: {fileID: 1272463684}
  serializedVersion: 5
  m_Component:
  - component: {fileID: 676059034}
  - component: {fileID: 676059037}
  - component: {fileID: 676059036}
  - component: {fileID: 676059035}
  m_Layer: 5
  m_Name: Button
  m_TagString: Untagged
  m_Icon: {fileID: 0}
  m_NavMeshLayer: 0
  m_StaticEditorFlags: 0
  m_IsActive: 1
--- !u!224 &676059034
RectTransform:
  m_ObjectHideFlags: 0
  m_PrefabParentObject: {fileID: 22476972, guid: d7fc28d7e09e2dc46b281f94d88e032b,
    type: 2}
  m_PrefabInternal: {fileID: 1272463684}
  m_GameObject: {fileID: 676059033}
  m_LocalRotation: {x: 0, y: 0, z: 0, w: 1}
  m_LocalPosition: {x: 0, y: 0, z: 0}
  m_LocalScale: {x: 1, y: 1, z: 1}
  m_Children:
  - {fileID: 1688441301}
  m_Father: {fileID: 1605798619}
  m_RootOrder: 7
  m_LocalEulerAnglesHint: {x: 0, y: 0, z: 0}
  m_AnchorMin: {x: 0.5, y: 0.5}
  m_AnchorMax: {x: 0.5, y: 0.5}
  m_AnchoredPosition: {x: 0, y: -0.0000009536743}
  m_SizeDelta: {x: 100, y: 100}
  m_Pivot: {x: 0.5, y: 0.5}
--- !u!114 &676059035
MonoBehaviour:
  m_ObjectHideFlags: 0
  m_PrefabParentObject: {fileID: 11476956, guid: d7fc28d7e09e2dc46b281f94d88e032b,
    type: 2}
  m_PrefabInternal: {fileID: 1272463684}
  m_GameObject: {fileID: 676059033}
  m_Enabled: 1
  m_EditorHideFlags: 0
  m_Script: {fileID: 1392445389, guid: f5f67c52d1564df4a8936ccd202a3bd8, type: 3}
  m_Name: 
  m_EditorClassIdentifier: 
  m_Navigation:
    m_Mode: 3
    m_SelectOnUp: {fileID: 0}
    m_SelectOnDown: {fileID: 0}
    m_SelectOnLeft: {fileID: 0}
    m_SelectOnRight: {fileID: 0}
  m_Transition: 1
  m_Colors:
    m_NormalColor: {r: 1, g: 1, b: 1, a: 1}
    m_HighlightedColor: {r: 0.9607843, g: 0.9607843, b: 0.9607843, a: 1}
    m_PressedColor: {r: 0.78431374, g: 0.78431374, b: 0.78431374, a: 1}
    m_DisabledColor: {r: 0.78431374, g: 0.78431374, b: 0.78431374, a: 0.5019608}
    m_ColorMultiplier: 1
    m_FadeDuration: 0.1
  m_SpriteState:
    m_HighlightedSprite: {fileID: 0}
    m_PressedSprite: {fileID: 0}
    m_DisabledSprite: {fileID: 0}
  m_AnimationTriggers:
    m_NormalTrigger: Normal
    m_HighlightedTrigger: Highlighted
    m_PressedTrigger: Pressed
    m_DisabledTrigger: Disabled
  m_Interactable: 1
  m_TargetGraphic: {fileID: 676059036}
  m_OnClick:
    m_PersistentCalls:
      m_Calls: []
    m_TypeName: UnityEngine.UI.Button+ButtonClickedEvent, UnityEngine.UI, Version=1.0.0.0,
      Culture=neutral, PublicKeyToken=null
--- !u!114 &676059036
MonoBehaviour:
  m_ObjectHideFlags: 0
  m_PrefabParentObject: {fileID: 11476954, guid: d7fc28d7e09e2dc46b281f94d88e032b,
    type: 2}
  m_PrefabInternal: {fileID: 1272463684}
  m_GameObject: {fileID: 676059033}
  m_Enabled: 1
  m_EditorHideFlags: 0
  m_Script: {fileID: -765806418, guid: f5f67c52d1564df4a8936ccd202a3bd8, type: 3}
  m_Name: 
  m_EditorClassIdentifier: 
  m_Material: {fileID: 0}
  m_Color: {r: 0.7607843, g: 0.22972701, b: 0.32735875, a: 1}
  m_RaycastTarget: 1
  m_OnCullStateChanged:
    m_PersistentCalls:
      m_Calls: []
    m_TypeName: UnityEngine.UI.MaskableGraphic+CullStateChangedEvent, UnityEngine.UI,
      Version=1.0.0.0, Culture=neutral, PublicKeyToken=null
  m_Sprite: {fileID: 21300000, guid: 291502478103f274da140dc9d17c64dc, type: 3}
  m_Type: 0
  m_PreserveAspect: 0
  m_FillCenter: 1
  m_FillMethod: 4
  m_FillAmount: 1
  m_FillClockwise: 1
  m_FillOrigin: 0
--- !u!222 &676059037
CanvasRenderer:
  m_ObjectHideFlags: 0
  m_PrefabParentObject: {fileID: 22276974, guid: d7fc28d7e09e2dc46b281f94d88e032b,
    type: 2}
  m_PrefabInternal: {fileID: 1272463684}
  m_GameObject: {fileID: 676059033}
--- !u!1 &722208618
GameObject:
  m_ObjectHideFlags: 0
  m_PrefabParentObject: {fileID: 177000, guid: d7fc28d7e09e2dc46b281f94d88e032b, type: 2}
  m_PrefabInternal: {fileID: 1272463684}
  serializedVersion: 5
  m_Component:
  - component: {fileID: 722208619}
  - component: {fileID: 722208621}
  - component: {fileID: 722208620}
  m_Layer: 5
  m_Name: Lines
  m_TagString: Untagged
  m_Icon: {fileID: 0}
  m_NavMeshLayer: 0
  m_StaticEditorFlags: 0
  m_IsActive: 1
--- !u!224 &722208619
RectTransform:
  m_ObjectHideFlags: 0
  m_PrefabParentObject: {fileID: 22477000, guid: d7fc28d7e09e2dc46b281f94d88e032b,
    type: 2}
  m_PrefabInternal: {fileID: 1272463684}
  m_GameObject: {fileID: 722208618}
  m_LocalRotation: {x: 0, y: 0, z: 0, w: 1}
  m_LocalPosition: {x: 0, y: 0, z: 0}
  m_LocalScale: {x: 1.3, y: 1.3, z: 1}
  m_Children: []
  m_Father: {fileID: 1605798619}
  m_RootOrder: 0
  m_LocalEulerAnglesHint: {x: 0, y: 0, z: 0}
  m_AnchorMin: {x: 0.5, y: 0.5}
  m_AnchorMax: {x: 0.5, y: 0.5}
  m_AnchoredPosition: {x: 0, y: 80}
  m_SizeDelta: {x: 350, y: 5}
  m_Pivot: {x: 0.5, y: 0.5}
--- !u!114 &722208620
MonoBehaviour:
  m_ObjectHideFlags: 0
  m_PrefabParentObject: {fileID: 11476992, guid: d7fc28d7e09e2dc46b281f94d88e032b,
    type: 2}
  m_PrefabInternal: {fileID: 1272463684}
  m_GameObject: {fileID: 722208618}
  m_Enabled: 1
  m_EditorHideFlags: 0
  m_Script: {fileID: -765806418, guid: f5f67c52d1564df4a8936ccd202a3bd8, type: 3}
  m_Name: 
  m_EditorClassIdentifier: 
  m_Material: {fileID: 0}
  m_Color: {r: 0.9490196, g: 0.92941177, b: 0.8784314, a: 1}
  m_RaycastTarget: 1
  m_OnCullStateChanged:
    m_PersistentCalls:
      m_Calls: []
    m_TypeName: UnityEngine.UI.MaskableGraphic+CullStateChangedEvent, UnityEngine.UI,
      Version=1.0.0.0, Culture=neutral, PublicKeyToken=null
  m_Sprite: {fileID: 21300000, guid: 7ed1238760b863f4aafde32ab3a6f28c, type: 3}
  m_Type: 1
  m_PreserveAspect: 0
  m_FillCenter: 1
  m_FillMethod: 4
  m_FillAmount: 1
  m_FillClockwise: 1
  m_FillOrigin: 0
--- !u!222 &722208621
CanvasRenderer:
  m_ObjectHideFlags: 0
  m_PrefabParentObject: {fileID: 22277002, guid: d7fc28d7e09e2dc46b281f94d88e032b,
    type: 2}
  m_PrefabInternal: {fileID: 1272463684}
  m_GameObject: {fileID: 722208618}
--- !u!1 &786729532
GameObject:
  m_ObjectHideFlags: 0
  m_PrefabParentObject: {fileID: 176986, guid: d7fc28d7e09e2dc46b281f94d88e032b, type: 2}
  m_PrefabInternal: {fileID: 1272463684}
  serializedVersion: 5
  m_Component:
  - component: {fileID: 786729533}
  - component: {fileID: 786729535}
  - component: {fileID: 786729534}
  m_Layer: 5
  m_Name: Text
  m_TagString: Untagged
  m_Icon: {fileID: 0}
  m_NavMeshLayer: 0
  m_StaticEditorFlags: 0
  m_IsActive: 1
--- !u!224 &786729533
RectTransform:
  m_ObjectHideFlags: 0
  m_PrefabParentObject: {fileID: 22476986, guid: d7fc28d7e09e2dc46b281f94d88e032b,
    type: 2}
  m_PrefabInternal: {fileID: 1272463684}
  m_GameObject: {fileID: 786729532}
  m_LocalRotation: {x: 0, y: 0, z: 0, w: 1}
  m_LocalPosition: {x: 0, y: 0, z: 0}
  m_LocalScale: {x: 2.6666667, y: 2.6666667, z: 1}
  m_Children: []
  m_Father: {fileID: 1820695790}
  m_RootOrder: 2
  m_LocalEulerAnglesHint: {x: 0, y: 0, z: 0}
  m_AnchorMin: {x: 0.5, y: 0.5}
  m_AnchorMax: {x: 0.5, y: 0.5}
  m_AnchoredPosition: {x: 0, y: -2780.6667}
  m_SizeDelta: {x: 157.2, y: 45.1}
  m_Pivot: {x: 0.5, y: 0.5}
--- !u!114 &786729534
MonoBehaviour:
  m_ObjectHideFlags: 0
  m_PrefabParentObject: {fileID: 11476974, guid: d7fc28d7e09e2dc46b281f94d88e032b,
    type: 2}
  m_PrefabInternal: {fileID: 1272463684}
  m_GameObject: {fileID: 786729532}
  m_Enabled: 1
  m_EditorHideFlags: 0
  m_Script: {fileID: 708705254, guid: f5f67c52d1564df4a8936ccd202a3bd8, type: 3}
  m_Name: 
  m_EditorClassIdentifier: 
  m_Material: {fileID: 0}
  m_Color: {r: 0.94509804, g: 0.9254902, b: 0.8745098, a: 1}
  m_RaycastTarget: 1
  m_OnCullStateChanged:
    m_PersistentCalls:
      m_Calls: []
    m_TypeName: UnityEngine.UI.MaskableGraphic+CullStateChangedEvent, UnityEngine.UI,
      Version=1.0.0.0, Culture=neutral, PublicKeyToken=null
  m_FontData:
    m_Font: {fileID: 12800000, guid: bd1ea67ca2b5742d1a24fcbdc17c55e1, type: 3}
    m_FontSize: 30
    m_FontStyle: 0
    m_BestFit: 0
    m_MinSize: 10
    m_MaxSize: 40
    m_Alignment: 4
    m_AlignByGeometry: 0
    m_RichText: 1
    m_HorizontalOverflow: 0
    m_VerticalOverflow: 0
    m_LineSpacing: 1
  m_Text: TIME LEFT
--- !u!222 &786729535
CanvasRenderer:
  m_ObjectHideFlags: 0
  m_PrefabParentObject: {fileID: 22276988, guid: d7fc28d7e09e2dc46b281f94d88e032b,
    type: 2}
  m_PrefabInternal: {fileID: 1272463684}
  m_GameObject: {fileID: 786729532}
--- !u!1 &912953048
GameObject:
  m_ObjectHideFlags: 0
  m_PrefabParentObject: {fileID: 177004, guid: d7fc28d7e09e2dc46b281f94d88e032b, type: 2}
  m_PrefabInternal: {fileID: 1272463684}
  serializedVersion: 5
  m_Component:
  - component: {fileID: 912953049}
  - component: {fileID: 912953051}
  - component: {fileID: 912953050}
  m_Layer: 5
  m_Name: Image
  m_TagString: Untagged
  m_Icon: {fileID: 0}
  m_NavMeshLayer: 0
  m_StaticEditorFlags: 0
  m_IsActive: 1
--- !u!224 &912953049
RectTransform:
  m_ObjectHideFlags: 0
  m_PrefabParentObject: {fileID: 22477004, guid: d7fc28d7e09e2dc46b281f94d88e032b,
    type: 2}
  m_PrefabInternal: {fileID: 1272463684}
  m_GameObject: {fileID: 912953048}
  m_LocalRotation: {x: 0, y: 0, z: -0.3826835, w: 0.92387956}
  m_LocalPosition: {x: 0, y: 0, z: 0}
  m_LocalScale: {x: 1, y: 1, z: 1}
  m_Children: []
  m_Father: {fileID: 140016816}
  m_RootOrder: 1
  m_LocalEulerAnglesHint: {x: 0, y: 0, z: 0}
  m_AnchorMin: {x: 0.5, y: 0.5}
  m_AnchorMax: {x: 0.5, y: 0.5}
  m_AnchoredPosition: {x: 0, y: 0}
  m_SizeDelta: {x: 58.2, y: 8.2}
  m_Pivot: {x: 0.5, y: 0.5}
--- !u!114 &912953050
MonoBehaviour:
  m_ObjectHideFlags: 0
  m_PrefabParentObject: {fileID: 11476998, guid: d7fc28d7e09e2dc46b281f94d88e032b,
    type: 2}
  m_PrefabInternal: {fileID: 1272463684}
  m_GameObject: {fileID: 912953048}
  m_Enabled: 1
  m_EditorHideFlags: 0
  m_Script: {fileID: -765806418, guid: f5f67c52d1564df4a8936ccd202a3bd8, type: 3}
  m_Name: 
  m_EditorClassIdentifier: 
  m_Material: {fileID: 0}
  m_Color: {r: 0.94509804, g: 0.9254902, b: 0.8745098, a: 1}
  m_RaycastTarget: 1
  m_OnCullStateChanged:
    m_PersistentCalls:
      m_Calls: []
    m_TypeName: UnityEngine.UI.MaskableGraphic+CullStateChangedEvent, UnityEngine.UI,
      Version=1.0.0.0, Culture=neutral, PublicKeyToken=null
  m_Sprite: {fileID: 21300000, guid: 7ed1238760b863f4aafde32ab3a6f28c, type: 3}
  m_Type: 1
  m_PreserveAspect: 0
  m_FillCenter: 1
  m_FillMethod: 4
  m_FillAmount: 1
  m_FillClockwise: 1
  m_FillOrigin: 0
--- !u!222 &912953051
CanvasRenderer:
  m_ObjectHideFlags: 0
  m_PrefabParentObject: {fileID: 22277006, guid: d7fc28d7e09e2dc46b281f94d88e032b,
    type: 2}
  m_PrefabInternal: {fileID: 1272463684}
  m_GameObject: {fileID: 912953048}
--- !u!1 &988248722
GameObject:
  m_ObjectHideFlags: 0
  m_PrefabParentObject: {fileID: 176984, guid: d7fc28d7e09e2dc46b281f94d88e032b, type: 2}
  m_PrefabInternal: {fileID: 1272463684}
  serializedVersion: 5
  m_Component:
  - component: {fileID: 988248723}
  - component: {fileID: 988248726}
  - component: {fileID: 988248725}
  - component: {fileID: 988248724}
  m_Layer: 5
  m_Name: Button
  m_TagString: Untagged
  m_Icon: {fileID: 0}
  m_NavMeshLayer: 0
  m_StaticEditorFlags: 0
  m_IsActive: 1
--- !u!224 &988248723
RectTransform:
  m_ObjectHideFlags: 0
  m_PrefabParentObject: {fileID: 22476984, guid: d7fc28d7e09e2dc46b281f94d88e032b,
    type: 2}
  m_PrefabInternal: {fileID: 1272463684}
  m_GameObject: {fileID: 988248722}
  m_LocalRotation: {x: 0, y: 0, z: 0, w: 1}
  m_LocalPosition: {x: 0, y: 0, z: 0}
  m_LocalScale: {x: 1, y: 1, z: 1}
  m_Children:
  - {fileID: 2059793364}
  m_Father: {fileID: 1605798619}
  m_RootOrder: 9
  m_LocalEulerAnglesHint: {x: 0, y: 0, z: 0}
  m_AnchorMin: {x: 0.5, y: 0.5}
  m_AnchorMax: {x: 0.5, y: 0.5}
  m_AnchoredPosition: {x: -158.2, y: -164.6}
  m_SizeDelta: {x: 100, y: 100}
  m_Pivot: {x: 0.5, y: 0.5}
--- !u!114 &988248724
MonoBehaviour:
  m_ObjectHideFlags: 0
  m_PrefabParentObject: {fileID: 11476972, guid: d7fc28d7e09e2dc46b281f94d88e032b,
    type: 2}
  m_PrefabInternal: {fileID: 1272463684}
  m_GameObject: {fileID: 988248722}
  m_Enabled: 1
  m_EditorHideFlags: 0
  m_Script: {fileID: 1392445389, guid: f5f67c52d1564df4a8936ccd202a3bd8, type: 3}
  m_Name: 
  m_EditorClassIdentifier: 
  m_Navigation:
    m_Mode: 3
    m_SelectOnUp: {fileID: 0}
    m_SelectOnDown: {fileID: 0}
    m_SelectOnLeft: {fileID: 0}
    m_SelectOnRight: {fileID: 0}
  m_Transition: 1
  m_Colors:
    m_NormalColor: {r: 1, g: 1, b: 1, a: 1}
    m_HighlightedColor: {r: 0.9607843, g: 0.9607843, b: 0.9607843, a: 1}
    m_PressedColor: {r: 0.78431374, g: 0.78431374, b: 0.78431374, a: 1}
    m_DisabledColor: {r: 0.78431374, g: 0.78431374, b: 0.78431374, a: 0.5019608}
    m_ColorMultiplier: 1
    m_FadeDuration: 0.1
  m_SpriteState:
    m_HighlightedSprite: {fileID: 0}
    m_PressedSprite: {fileID: 0}
    m_DisabledSprite: {fileID: 0}
  m_AnimationTriggers:
    m_NormalTrigger: Normal
    m_HighlightedTrigger: Highlighted
    m_PressedTrigger: Pressed
    m_DisabledTrigger: Disabled
  m_Interactable: 1
  m_TargetGraphic: {fileID: 988248725}
  m_OnClick:
    m_PersistentCalls:
      m_Calls: []
    m_TypeName: UnityEngine.UI.Button+ButtonClickedEvent, UnityEngine.UI, Version=1.0.0.0,
      Culture=neutral, PublicKeyToken=null
--- !u!114 &988248725
MonoBehaviour:
  m_ObjectHideFlags: 0
  m_PrefabParentObject: {fileID: 11476970, guid: d7fc28d7e09e2dc46b281f94d88e032b,
    type: 2}
  m_PrefabInternal: {fileID: 1272463684}
  m_GameObject: {fileID: 988248722}
  m_Enabled: 1
  m_EditorHideFlags: 0
  m_Script: {fileID: -765806418, guid: f5f67c52d1564df4a8936ccd202a3bd8, type: 3}
  m_Name: 
  m_EditorClassIdentifier: 
  m_Material: {fileID: 0}
  m_Color: {r: 0.09843906, g: 0.6784314, b: 0.47002196, a: 1}
  m_RaycastTarget: 1
  m_OnCullStateChanged:
    m_PersistentCalls:
      m_Calls: []
    m_TypeName: UnityEngine.UI.MaskableGraphic+CullStateChangedEvent, UnityEngine.UI,
      Version=1.0.0.0, Culture=neutral, PublicKeyToken=null
  m_Sprite: {fileID: 21300000, guid: 291502478103f274da140dc9d17c64dc, type: 3}
  m_Type: 0
  m_PreserveAspect: 0
  m_FillCenter: 1
  m_FillMethod: 4
  m_FillAmount: 1
  m_FillClockwise: 1
  m_FillOrigin: 0
--- !u!222 &988248726
CanvasRenderer:
  m_ObjectHideFlags: 0
  m_PrefabParentObject: {fileID: 22276986, guid: d7fc28d7e09e2dc46b281f94d88e032b,
    type: 2}
  m_PrefabInternal: {fileID: 1272463684}
  m_GameObject: {fileID: 988248722}
--- !u!1 &1054716477
GameObject:
  m_ObjectHideFlags: 0
  m_PrefabParentObject: {fileID: 176982, guid: d7fc28d7e09e2dc46b281f94d88e032b, type: 2}
  m_PrefabInternal: {fileID: 1272463684}
  serializedVersion: 5
  m_Component:
  - component: {fileID: 1054716478}
  - component: {fileID: 1054716481}
  - component: {fileID: 1054716480}
  - component: {fileID: 1054716479}
  m_Layer: 5
  m_Name: Button
  m_TagString: Untagged
  m_Icon: {fileID: 0}
  m_NavMeshLayer: 0
  m_StaticEditorFlags: 0
  m_IsActive: 1
--- !u!224 &1054716478
RectTransform:
  m_ObjectHideFlags: 0
  m_PrefabParentObject: {fileID: 22476982, guid: d7fc28d7e09e2dc46b281f94d88e032b,
    type: 2}
  m_PrefabInternal: {fileID: 1272463684}
  m_GameObject: {fileID: 1054716477}
  m_LocalRotation: {x: 0, y: 0, z: 0, w: 1}
  m_LocalPosition: {x: 0, y: 0, z: 0}
  m_LocalScale: {x: 1, y: 1, z: 1}
  m_Children:
  - {fileID: 1174976026}
  m_Father: {fileID: 1605798619}
  m_RootOrder: 6
  m_LocalEulerAnglesHint: {x: 0, y: 0, z: 0}
  m_AnchorMin: {x: 0.5, y: 0.5}
  m_AnchorMax: {x: 0.5, y: 0.5}
  m_AnchoredPosition: {x: 164.1, y: 159.3}
  m_SizeDelta: {x: 100, y: 100}
  m_Pivot: {x: 0.5, y: 0.5}
--- !u!114 &1054716479
MonoBehaviour:
  m_ObjectHideFlags: 0
  m_PrefabParentObject: {fileID: 11476968, guid: d7fc28d7e09e2dc46b281f94d88e032b,
    type: 2}
  m_PrefabInternal: {fileID: 1272463684}
  m_GameObject: {fileID: 1054716477}
  m_Enabled: 1
  m_EditorHideFlags: 0
  m_Script: {fileID: 1392445389, guid: f5f67c52d1564df4a8936ccd202a3bd8, type: 3}
  m_Name: 
  m_EditorClassIdentifier: 
  m_Navigation:
    m_Mode: 3
    m_SelectOnUp: {fileID: 0}
    m_SelectOnDown: {fileID: 0}
    m_SelectOnLeft: {fileID: 0}
    m_SelectOnRight: {fileID: 0}
  m_Transition: 1
  m_Colors:
    m_NormalColor: {r: 1, g: 1, b: 1, a: 1}
    m_HighlightedColor: {r: 0.9607843, g: 0.9607843, b: 0.9607843, a: 1}
    m_PressedColor: {r: 0.78431374, g: 0.78431374, b: 0.78431374, a: 1}
    m_DisabledColor: {r: 0.78431374, g: 0.78431374, b: 0.78431374, a: 0.5019608}
    m_ColorMultiplier: 1
    m_FadeDuration: 0.1
  m_SpriteState:
    m_HighlightedSprite: {fileID: 0}
    m_PressedSprite: {fileID: 0}
    m_DisabledSprite: {fileID: 0}
  m_AnimationTriggers:
    m_NormalTrigger: Normal
    m_HighlightedTrigger: Highlighted
    m_PressedTrigger: Pressed
    m_DisabledTrigger: Disabled
  m_Interactable: 1
  m_TargetGraphic: {fileID: 1054716480}
  m_OnClick:
    m_PersistentCalls:
      m_Calls: []
    m_TypeName: UnityEngine.UI.Button+ButtonClickedEvent, UnityEngine.UI, Version=1.0.0.0,
      Culture=neutral, PublicKeyToken=null
--- !u!114 &1054716480
MonoBehaviour:
  m_ObjectHideFlags: 0
  m_PrefabParentObject: {fileID: 11476966, guid: d7fc28d7e09e2dc46b281f94d88e032b,
    type: 2}
  m_PrefabInternal: {fileID: 1272463684}
  m_GameObject: {fileID: 1054716477}
  m_Enabled: 1
  m_EditorHideFlags: 0
  m_Script: {fileID: -765806418, guid: f5f67c52d1564df4a8936ccd202a3bd8, type: 3}
  m_Name: 
  m_EditorClassIdentifier: 
  m_Material: {fileID: 0}
  m_Color: {r: 0.7607843, g: 0.22972701, b: 0.32735875, a: 1}
  m_RaycastTarget: 1
  m_OnCullStateChanged:
    m_PersistentCalls:
      m_Calls: []
    m_TypeName: UnityEngine.UI.MaskableGraphic+CullStateChangedEvent, UnityEngine.UI,
      Version=1.0.0.0, Culture=neutral, PublicKeyToken=null
  m_Sprite: {fileID: 21300000, guid: 291502478103f274da140dc9d17c64dc, type: 3}
  m_Type: 0
  m_PreserveAspect: 0
  m_FillCenter: 1
  m_FillMethod: 4
  m_FillAmount: 1
  m_FillClockwise: 1
  m_FillOrigin: 0
--- !u!222 &1054716481
CanvasRenderer:
  m_ObjectHideFlags: 0
  m_PrefabParentObject: {fileID: 22276984, guid: d7fc28d7e09e2dc46b281f94d88e032b,
    type: 2}
  m_PrefabInternal: {fileID: 1272463684}
  m_GameObject: {fileID: 1054716477}
--- !u!1 &1103406137
GameObject:
  m_ObjectHideFlags: 0
  m_PrefabParentObject: {fileID: 177014, guid: d7fc28d7e09e2dc46b281f94d88e032b, type: 2}
  m_PrefabInternal: {fileID: 1272463684}
  serializedVersion: 5
  m_Component:
  - component: {fileID: 1103406138}
  - component: {fileID: 1103406141}
  - component: {fileID: 1103406140}
  - component: {fileID: 1103406139}
  m_Layer: 5
  m_Name: Button
  m_TagString: Untagged
  m_Icon: {fileID: 0}
  m_NavMeshLayer: 0
  m_StaticEditorFlags: 0
  m_IsActive: 1
--- !u!224 &1103406138
RectTransform:
  m_ObjectHideFlags: 0
  m_PrefabParentObject: {fileID: 22477014, guid: d7fc28d7e09e2dc46b281f94d88e032b,
    type: 2}
  m_PrefabInternal: {fileID: 1272463684}
  m_GameObject: {fileID: 1103406137}
  m_LocalRotation: {x: 0, y: 0, z: 0, w: 1}
  m_LocalPosition: {x: 0, y: 0, z: 0}
  m_LocalScale: {x: 1, y: 1, z: 1}
  m_Children:
  - {fileID: 140016816}
  m_Father: {fileID: 1605798619}
  m_RootOrder: 4
  m_LocalEulerAnglesHint: {x: 0, y: 0, z: 0}
  m_AnchorMin: {x: 0.5, y: 0.5}
  m_AnchorMax: {x: 0.5, y: 0.5}
  m_AnchoredPosition: {x: -0.000021935, y: 159.3}
  m_SizeDelta: {x: 100, y: 100}
  m_Pivot: {x: 0.5, y: 0.5}
--- !u!114 &1103406139
MonoBehaviour:
  m_ObjectHideFlags: 0
  m_PrefabParentObject: {fileID: 11477008, guid: d7fc28d7e09e2dc46b281f94d88e032b,
    type: 2}
  m_PrefabInternal: {fileID: 1272463684}
  m_GameObject: {fileID: 1103406137}
  m_Enabled: 1
  m_EditorHideFlags: 0
  m_Script: {fileID: 1392445389, guid: f5f67c52d1564df4a8936ccd202a3bd8, type: 3}
  m_Name: 
  m_EditorClassIdentifier: 
  m_Navigation:
    m_Mode: 3
    m_SelectOnUp: {fileID: 0}
    m_SelectOnDown: {fileID: 0}
    m_SelectOnLeft: {fileID: 0}
    m_SelectOnRight: {fileID: 0}
  m_Transition: 1
  m_Colors:
    m_NormalColor: {r: 1, g: 1, b: 1, a: 1}
    m_HighlightedColor: {r: 0.9607843, g: 0.9607843, b: 0.9607843, a: 1}
    m_PressedColor: {r: 0.78431374, g: 0.78431374, b: 0.78431374, a: 1}
    m_DisabledColor: {r: 0.78431374, g: 0.78431374, b: 0.78431374, a: 0.5019608}
    m_ColorMultiplier: 1
    m_FadeDuration: 0.1
  m_SpriteState:
    m_HighlightedSprite: {fileID: 0}
    m_PressedSprite: {fileID: 0}
    m_DisabledSprite: {fileID: 0}
  m_AnimationTriggers:
    m_NormalTrigger: Normal
    m_HighlightedTrigger: Highlighted
    m_PressedTrigger: Pressed
    m_DisabledTrigger: Disabled
  m_Interactable: 1
  m_TargetGraphic: {fileID: 1103406140}
  m_OnClick:
    m_PersistentCalls:
      m_Calls: []
    m_TypeName: UnityEngine.UI.Button+ButtonClickedEvent, UnityEngine.UI, Version=1.0.0.0,
      Culture=neutral, PublicKeyToken=null
--- !u!114 &1103406140
MonoBehaviour:
  m_ObjectHideFlags: 0
  m_PrefabParentObject: {fileID: 11477010, guid: d7fc28d7e09e2dc46b281f94d88e032b,
    type: 2}
  m_PrefabInternal: {fileID: 1272463684}
  m_GameObject: {fileID: 1103406137}
  m_Enabled: 1
  m_EditorHideFlags: 0
  m_Script: {fileID: -765806418, guid: f5f67c52d1564df4a8936ccd202a3bd8, type: 3}
  m_Name: 
  m_EditorClassIdentifier: 
  m_Material: {fileID: 0}
  m_Color: {r: 0.09843906, g: 0.6784314, b: 0.47002196, a: 1}
  m_RaycastTarget: 1
  m_OnCullStateChanged:
    m_PersistentCalls:
      m_Calls: []
    m_TypeName: UnityEngine.UI.MaskableGraphic+CullStateChangedEvent, UnityEngine.UI,
      Version=1.0.0.0, Culture=neutral, PublicKeyToken=null
  m_Sprite: {fileID: 21300000, guid: 291502478103f274da140dc9d17c64dc, type: 3}
  m_Type: 0
  m_PreserveAspect: 0
  m_FillCenter: 1
  m_FillMethod: 4
  m_FillAmount: 1
  m_FillClockwise: 1
  m_FillOrigin: 0
--- !u!222 &1103406141
CanvasRenderer:
  m_ObjectHideFlags: 0
  m_PrefabParentObject: {fileID: 22277016, guid: d7fc28d7e09e2dc46b281f94d88e032b,
    type: 2}
  m_PrefabInternal: {fileID: 1272463684}
  m_GameObject: {fileID: 1103406137}
--- !u!1 &1174976025
GameObject:
  m_ObjectHideFlags: 0
  m_PrefabParentObject: {fileID: 176998, guid: d7fc28d7e09e2dc46b281f94d88e032b, type: 2}
  m_PrefabInternal: {fileID: 1272463684}
  serializedVersion: 5
  m_Component:
  - component: {fileID: 1174976026}
  - component: {fileID: 1174976028}
  - component: {fileID: 1174976027}
  m_Layer: 5
  m_Name: Panel
  m_TagString: Untagged
  m_Icon: {fileID: 0}
  m_NavMeshLayer: 0
  m_StaticEditorFlags: 0
  m_IsActive: 1
--- !u!224 &1174976026
RectTransform:
  m_ObjectHideFlags: 0
  m_PrefabParentObject: {fileID: 22476998, guid: d7fc28d7e09e2dc46b281f94d88e032b,
    type: 2}
  m_PrefabInternal: {fileID: 1272463684}
  m_GameObject: {fileID: 1174976025}
  m_LocalRotation: {x: 0, y: 0, z: 0, w: 1}
  m_LocalPosition: {x: 0, y: 0, z: 0}
  m_LocalScale: {x: 1, y: 1, z: 1}
  m_Children:
  - {fileID: 1938536179}
  m_Father: {fileID: 1054716478}
  m_RootOrder: 0
  m_LocalEulerAnglesHint: {x: 0, y: 0, z: 0}
  m_AnchorMin: {x: 0.5, y: 0.5}
  m_AnchorMax: {x: 0.5, y: 0.5}
  m_AnchoredPosition: {x: 0, y: 4.5}
  m_SizeDelta: {x: 100, y: 100}
  m_Pivot: {x: 0.5, y: 0.5}
--- !u!114 &1174976027
MonoBehaviour:
  m_ObjectHideFlags: 0
  m_PrefabParentObject: {fileID: 11476990, guid: d7fc28d7e09e2dc46b281f94d88e032b,
    type: 2}
  m_PrefabInternal: {fileID: 1272463684}
  m_GameObject: {fileID: 1174976025}
  m_Enabled: 1
  m_EditorHideFlags: 0
  m_Script: {fileID: -765806418, guid: f5f67c52d1564df4a8936ccd202a3bd8, type: 3}
  m_Name: 
  m_EditorClassIdentifier: 
  m_Material: {fileID: 0}
  m_Color: {r: 0.95686275, g: 0.29019612, b: 0.41217044, a: 1}
  m_RaycastTarget: 1
  m_OnCullStateChanged:
    m_PersistentCalls:
      m_Calls: []
    m_TypeName: UnityEngine.UI.MaskableGraphic+CullStateChangedEvent, UnityEngine.UI,
      Version=1.0.0.0, Culture=neutral, PublicKeyToken=null
  m_Sprite: {fileID: 21300000, guid: 291502478103f274da140dc9d17c64dc, type: 3}
  m_Type: 0
  m_PreserveAspect: 0
  m_FillCenter: 1
  m_FillMethod: 4
  m_FillAmount: 1
  m_FillClockwise: 1
  m_FillOrigin: 0
--- !u!222 &1174976028
CanvasRenderer:
  m_ObjectHideFlags: 0
  m_PrefabParentObject: {fileID: 22277000, guid: d7fc28d7e09e2dc46b281f94d88e032b,
    type: 2}
  m_PrefabInternal: {fileID: 1272463684}
  m_GameObject: {fileID: 1174976025}
--- !u!1 &1175537319
GameObject:
  m_ObjectHideFlags: 0
  m_PrefabParentObject: {fileID: 177008, guid: d7fc28d7e09e2dc46b281f94d88e032b, type: 2}
  m_PrefabInternal: {fileID: 1272463684}
  serializedVersion: 5
  m_Component:
  - component: {fileID: 1175537320}
  - component: {fileID: 1175537322}
  - component: {fileID: 1175537321}
  m_Layer: 5
  m_Name: Panel
  m_TagString: Untagged
  m_Icon: {fileID: 0}
  m_NavMeshLayer: 0
  m_StaticEditorFlags: 0
  m_IsActive: 1
--- !u!224 &1175537320
RectTransform:
  m_ObjectHideFlags: 0
  m_PrefabParentObject: {fileID: 22477008, guid: d7fc28d7e09e2dc46b281f94d88e032b,
    type: 2}
  m_PrefabInternal: {fileID: 1272463684}
  m_GameObject: {fileID: 1175537319}
  m_LocalRotation: {x: 0, y: 0, z: 0, w: 1}
  m_LocalPosition: {x: 0, y: 0, z: 0}
  m_LocalScale: {x: 1, y: 1, z: 1}
  m_Children:
  - {fileID: 329213037}
  - {fileID: 236499188}
  m_Father: {fileID: 1201903390}
  m_RootOrder: 0
  m_LocalEulerAnglesHint: {x: 0, y: 0, z: 0}
  m_AnchorMin: {x: 0.5, y: 0.5}
  m_AnchorMax: {x: 0.5, y: 0.5}
  m_AnchoredPosition: {x: 0, y: 4.5}
  m_SizeDelta: {x: 100, y: 100}
  m_Pivot: {x: 0.5, y: 0.5}
--- !u!114 &1175537321
MonoBehaviour:
  m_ObjectHideFlags: 0
  m_PrefabParentObject: {fileID: 11477002, guid: d7fc28d7e09e2dc46b281f94d88e032b,
    type: 2}
  m_PrefabInternal: {fileID: 1272463684}
  m_GameObject: {fileID: 1175537319}
  m_Enabled: 1
  m_EditorHideFlags: 0
  m_Script: {fileID: -765806418, guid: f5f67c52d1564df4a8936ccd202a3bd8, type: 3}
  m_Name: 
  m_EditorClassIdentifier: 
  m_Material: {fileID: 0}
  m_Color: {r: 0.12156863, g: 0.827451, b: 0.5764706, a: 1}
  m_RaycastTarget: 1
  m_OnCullStateChanged:
    m_PersistentCalls:
      m_Calls: []
    m_TypeName: UnityEngine.UI.MaskableGraphic+CullStateChangedEvent, UnityEngine.UI,
      Version=1.0.0.0, Culture=neutral, PublicKeyToken=null
  m_Sprite: {fileID: 21300000, guid: 291502478103f274da140dc9d17c64dc, type: 3}
  m_Type: 0
  m_PreserveAspect: 0
  m_FillCenter: 1
  m_FillMethod: 4
  m_FillAmount: 1
  m_FillClockwise: 1
  m_FillOrigin: 0
--- !u!222 &1175537322
CanvasRenderer:
  m_ObjectHideFlags: 0
  m_PrefabParentObject: {fileID: 22277010, guid: d7fc28d7e09e2dc46b281f94d88e032b,
    type: 2}
  m_PrefabInternal: {fileID: 1272463684}
  m_GameObject: {fileID: 1175537319}
--- !u!1 &1201903389
GameObject:
  m_ObjectHideFlags: 0
  m_PrefabParentObject: {fileID: 177018, guid: d7fc28d7e09e2dc46b281f94d88e032b, type: 2}
  m_PrefabInternal: {fileID: 1272463684}
  serializedVersion: 5
  m_Component:
  - component: {fileID: 1201903390}
  - component: {fileID: 1201903393}
  - component: {fileID: 1201903392}
  - component: {fileID: 1201903391}
  m_Layer: 5
  m_Name: Button
  m_TagString: Untagged
  m_Icon: {fileID: 0}
  m_NavMeshLayer: 0
  m_StaticEditorFlags: 0
  m_IsActive: 1
--- !u!224 &1201903390
RectTransform:
  m_ObjectHideFlags: 0
  m_PrefabParentObject: {fileID: 22477018, guid: d7fc28d7e09e2dc46b281f94d88e032b,
    type: 2}
  m_PrefabInternal: {fileID: 1272463684}
  m_GameObject: {fileID: 1201903389}
  m_LocalRotation: {x: 0, y: 0, z: 0, w: 1}
  m_LocalPosition: {x: 0, y: 0, z: 0}
  m_LocalScale: {x: 1, y: 1, z: 1}
  m_Children:
  - {fileID: 1175537320}
  m_Father: {fileID: 1605798619}
  m_RootOrder: 8
  m_LocalEulerAnglesHint: {x: 0, y: 0, z: 0}
  m_AnchorMin: {x: 0.5, y: 0.5}
  m_AnchorMax: {x: 0.5, y: 0.5}
  m_AnchoredPosition: {x: 164.09998, y: 0}
  m_SizeDelta: {x: 100, y: 100}
  m_Pivot: {x: 0.5, y: 0.5}
--- !u!114 &1201903391
MonoBehaviour:
  m_ObjectHideFlags: 0
  m_PrefabParentObject: {fileID: 11477016, guid: d7fc28d7e09e2dc46b281f94d88e032b,
    type: 2}
  m_PrefabInternal: {fileID: 1272463684}
  m_GameObject: {fileID: 1201903389}
  m_Enabled: 1
  m_EditorHideFlags: 0
  m_Script: {fileID: 1392445389, guid: f5f67c52d1564df4a8936ccd202a3bd8, type: 3}
  m_Name: 
  m_EditorClassIdentifier: 
  m_Navigation:
    m_Mode: 3
    m_SelectOnUp: {fileID: 0}
    m_SelectOnDown: {fileID: 0}
    m_SelectOnLeft: {fileID: 0}
    m_SelectOnRight: {fileID: 0}
  m_Transition: 1
  m_Colors:
    m_NormalColor: {r: 1, g: 1, b: 1, a: 1}
    m_HighlightedColor: {r: 0.9607843, g: 0.9607843, b: 0.9607843, a: 1}
    m_PressedColor: {r: 0.78431374, g: 0.78431374, b: 0.78431374, a: 1}
    m_DisabledColor: {r: 0.78431374, g: 0.78431374, b: 0.78431374, a: 0.5019608}
    m_ColorMultiplier: 1
    m_FadeDuration: 0.1
  m_SpriteState:
    m_HighlightedSprite: {fileID: 0}
    m_PressedSprite: {fileID: 0}
    m_DisabledSprite: {fileID: 0}
  m_AnimationTriggers:
    m_NormalTrigger: Normal
    m_HighlightedTrigger: Highlighted
    m_PressedTrigger: Pressed
    m_DisabledTrigger: Disabled
  m_Interactable: 1
  m_TargetGraphic: {fileID: 1201903392}
  m_OnClick:
    m_PersistentCalls:
      m_Calls: []
    m_TypeName: UnityEngine.UI.Button+ButtonClickedEvent, UnityEngine.UI, Version=1.0.0.0,
      Culture=neutral, PublicKeyToken=null
--- !u!114 &1201903392
MonoBehaviour:
  m_ObjectHideFlags: 0
  m_PrefabParentObject: {fileID: 11477014, guid: d7fc28d7e09e2dc46b281f94d88e032b,
    type: 2}
  m_PrefabInternal: {fileID: 1272463684}
  m_GameObject: {fileID: 1201903389}
  m_Enabled: 1
  m_EditorHideFlags: 0
  m_Script: {fileID: -765806418, guid: f5f67c52d1564df4a8936ccd202a3bd8, type: 3}
  m_Name: 
  m_EditorClassIdentifier: 
  m_Material: {fileID: 0}
  m_Color: {r: 0.09843906, g: 0.6784314, b: 0.47002196, a: 1}
  m_RaycastTarget: 1
  m_OnCullStateChanged:
    m_PersistentCalls:
      m_Calls: []
    m_TypeName: UnityEngine.UI.MaskableGraphic+CullStateChangedEvent, UnityEngine.UI,
      Version=1.0.0.0, Culture=neutral, PublicKeyToken=null
  m_Sprite: {fileID: 21300000, guid: 291502478103f274da140dc9d17c64dc, type: 3}
  m_Type: 0
  m_PreserveAspect: 0
  m_FillCenter: 1
  m_FillMethod: 4
  m_FillAmount: 1
  m_FillClockwise: 1
  m_FillOrigin: 0
--- !u!222 &1201903393
CanvasRenderer:
  m_ObjectHideFlags: 0
  m_PrefabParentObject: {fileID: 22277020, guid: d7fc28d7e09e2dc46b281f94d88e032b,
    type: 2}
  m_PrefabInternal: {fileID: 1272463684}
  m_GameObject: {fileID: 1201903389}
--- !u!1 &1214012768
GameObject:
  m_ObjectHideFlags: 0
  m_PrefabParentObject: {fileID: 177032, guid: d7fc28d7e09e2dc46b281f94d88e032b, type: 2}
  m_PrefabInternal: {fileID: 1272463684}
  serializedVersion: 5
  m_Component:
  - component: {fileID: 1214012769}
  - component: {fileID: 1214012771}
  - component: {fileID: 1214012770}
  m_Layer: 5
  m_Name: Image
  m_TagString: Untagged
  m_Icon: {fileID: 0}
  m_NavMeshLayer: 0
  m_StaticEditorFlags: 0
  m_IsActive: 1
--- !u!224 &1214012769
RectTransform:
  m_ObjectHideFlags: 0
  m_PrefabParentObject: {fileID: 22477032, guid: d7fc28d7e09e2dc46b281f94d88e032b,
    type: 2}
  m_PrefabInternal: {fileID: 1272463684}
  m_GameObject: {fileID: 1214012768}
  m_LocalRotation: {x: 0, y: 0, z: 0, w: 1}
  m_LocalPosition: {x: 0, y: 0, z: 0}
  m_LocalScale: {x: 1, y: 1, z: 1}
  m_Children: []
  m_Father: {fileID: 1724796608}
  m_RootOrder: 0
  m_LocalEulerAnglesHint: {x: 0, y: 0, z: 0}
  m_AnchorMin: {x: 0.5, y: 0.5}
  m_AnchorMax: {x: 0.5, y: 0.5}
  m_AnchoredPosition: {x: -0.0000007748604, y: -0.0000007748604}
  m_SizeDelta: {x: 54.4, y: 54.4}
  m_Pivot: {x: 0.5, y: 0.5}
--- !u!114 &1214012770
MonoBehaviour:
  m_ObjectHideFlags: 0
  m_PrefabParentObject: {fileID: 11477032, guid: d7fc28d7e09e2dc46b281f94d88e032b,
    type: 2}
  m_PrefabInternal: {fileID: 1272463684}
  m_GameObject: {fileID: 1214012768}
  m_Enabled: 1
  m_EditorHideFlags: 0
  m_Script: {fileID: -765806418, guid: f5f67c52d1564df4a8936ccd202a3bd8, type: 3}
  m_Name: 
  m_EditorClassIdentifier: 
  m_Material: {fileID: 0}
  m_Color: {r: 0.94509804, g: 0.9254902, b: 0.8745098, a: 1}
  m_RaycastTarget: 1
  m_OnCullStateChanged:
    m_PersistentCalls:
      m_Calls: []
    m_TypeName: UnityEngine.UI.MaskableGraphic+CullStateChangedEvent, UnityEngine.UI,
      Version=1.0.0.0, Culture=neutral, PublicKeyToken=null
  m_Sprite: {fileID: 21300000, guid: 377a4d562faa09d48bca2591c4304545, type: 3}
  m_Type: 0
  m_PreserveAspect: 0
  m_FillCenter: 1
  m_FillMethod: 4
  m_FillAmount: 1
  m_FillClockwise: 1
  m_FillOrigin: 0
--- !u!222 &1214012771
CanvasRenderer:
  m_ObjectHideFlags: 0
  m_PrefabParentObject: {fileID: 22277032, guid: d7fc28d7e09e2dc46b281f94d88e032b,
    type: 2}
  m_PrefabInternal: {fileID: 1272463684}
  m_GameObject: {fileID: 1214012768}
--- !u!1 &1214253299
GameObject:
  m_ObjectHideFlags: 0
  m_PrefabParentObject: {fileID: 177030, guid: d7fc28d7e09e2dc46b281f94d88e032b, type: 2}
  m_PrefabInternal: {fileID: 1272463684}
  serializedVersion: 5
  m_Component:
  - component: {fileID: 1214253300}
  - component: {fileID: 1214253302}
  - component: {fileID: 1214253301}
  m_Layer: 5
  m_Name: Text
  m_TagString: Untagged
  m_Icon: {fileID: 0}
  m_NavMeshLayer: 0
  m_StaticEditorFlags: 0
  m_IsActive: 1
--- !u!224 &1214253300
RectTransform:
  m_ObjectHideFlags: 0
  m_PrefabParentObject: {fileID: 22477030, guid: d7fc28d7e09e2dc46b281f94d88e032b,
    type: 2}
  m_PrefabInternal: {fileID: 1272463684}
  m_GameObject: {fileID: 1214253299}
  m_LocalRotation: {x: 0, y: 0, z: 0, w: 1}
  m_LocalPosition: {x: 0, y: 0, z: 0}
  m_LocalScale: {x: 2.6666667, y: 2.6666667, z: 1}
  m_Children: []
  m_Father: {fileID: 1820695790}
  m_RootOrder: 3
  m_LocalEulerAnglesHint: {x: 0, y: 0, z: 0}
  m_AnchorMin: {x: 0.5, y: 0.5}
  m_AnchorMax: {x: 0.5, y: 0.5}
  m_AnchoredPosition: {x: -0.0000030994415, y: 214.33301}
  m_SizeDelta: {x: 327.3, y: 86.7}
  m_Pivot: {x: 0.5, y: 0.5}
--- !u!114 &1214253301
MonoBehaviour:
  m_ObjectHideFlags: 0
  m_PrefabParentObject: {fileID: 11477030, guid: d7fc28d7e09e2dc46b281f94d88e032b,
    type: 2}
  m_PrefabInternal: {fileID: 1272463684}
  m_GameObject: {fileID: 1214253299}
  m_Enabled: 1
  m_EditorHideFlags: 0
  m_Script: {fileID: 708705254, guid: f5f67c52d1564df4a8936ccd202a3bd8, type: 3}
  m_Name: 
  m_EditorClassIdentifier: 
  m_Material: {fileID: 0}
  m_Color: {r: 0.94509804, g: 0.9254902, b: 0.8745098, a: 1}
  m_RaycastTarget: 1
  m_OnCullStateChanged:
    m_PersistentCalls:
      m_Calls: []
    m_TypeName: UnityEngine.UI.MaskableGraphic+CullStateChangedEvent, UnityEngine.UI,
      Version=1.0.0.0, Culture=neutral, PublicKeyToken=null
  m_FontData:
    m_Font: {fileID: 12800000, guid: 7dfc2e1472ac84e1bb749a8a9f934483, type: 3}
    m_FontSize: 60
    m_FontStyle: 0
    m_BestFit: 0
    m_MinSize: 10
    m_MaxSize: 60
    m_Alignment: 4
    m_AlignByGeometry: 0
    m_RichText: 1
    m_HorizontalOverflow: 0
    m_VerticalOverflow: 0
    m_LineSpacing: 1
  m_Text: Tic Tac Toe
--- !u!222 &1214253302
CanvasRenderer:
  m_ObjectHideFlags: 0
  m_PrefabParentObject: {fileID: 22277030, guid: d7fc28d7e09e2dc46b281f94d88e032b,
    type: 2}
  m_PrefabInternal: {fileID: 1272463684}
  m_GameObject: {fileID: 1214253299}
--- !u!1001 &1272463684
Prefab:
  m_ObjectHideFlags: 0
  serializedVersion: 2
  m_Modification:
    m_TransformParent: {fileID: 0}
    m_Modifications:
    - target: {fileID: 22477020, guid: d7fc28d7e09e2dc46b281f94d88e032b, type: 2}
      propertyPath: m_LocalPosition.x
      value: 0
      objectReference: {fileID: 0}
    - target: {fileID: 22477020, guid: d7fc28d7e09e2dc46b281f94d88e032b, type: 2}
      propertyPath: m_LocalPosition.y
      value: 0
      objectReference: {fileID: 0}
    - target: {fileID: 22477020, guid: d7fc28d7e09e2dc46b281f94d88e032b, type: 2}
      propertyPath: m_LocalPosition.z
      value: 0
      objectReference: {fileID: 0}
    - target: {fileID: 22477020, guid: d7fc28d7e09e2dc46b281f94d88e032b, type: 2}
      propertyPath: m_LocalRotation.x
      value: 0
      objectReference: {fileID: 0}
    - target: {fileID: 22477020, guid: d7fc28d7e09e2dc46b281f94d88e032b, type: 2}
      propertyPath: m_LocalRotation.y
      value: 0
      objectReference: {fileID: 0}
    - target: {fileID: 22477020, guid: d7fc28d7e09e2dc46b281f94d88e032b, type: 2}
      propertyPath: m_LocalRotation.z
      value: 0
      objectReference: {fileID: 0}
    - target: {fileID: 22477020, guid: d7fc28d7e09e2dc46b281f94d88e032b, type: 2}
      propertyPath: m_LocalRotation.w
      value: 1
      objectReference: {fileID: 0}
    - target: {fileID: 22477020, guid: d7fc28d7e09e2dc46b281f94d88e032b, type: 2}
      propertyPath: m_RootOrder
      value: 0
      objectReference: {fileID: 0}
    - target: {fileID: 22477020, guid: d7fc28d7e09e2dc46b281f94d88e032b, type: 2}
      propertyPath: m_AnchoredPosition.x
      value: 0
      objectReference: {fileID: 0}
    - target: {fileID: 22477020, guid: d7fc28d7e09e2dc46b281f94d88e032b, type: 2}
      propertyPath: m_AnchoredPosition.y
      value: 0
      objectReference: {fileID: 0}
    - target: {fileID: 22477020, guid: d7fc28d7e09e2dc46b281f94d88e032b, type: 2}
      propertyPath: m_SizeDelta.x
      value: 0
      objectReference: {fileID: 0}
    - target: {fileID: 22477020, guid: d7fc28d7e09e2dc46b281f94d88e032b, type: 2}
      propertyPath: m_SizeDelta.y
      value: 0
      objectReference: {fileID: 0}
    - target: {fileID: 22477020, guid: d7fc28d7e09e2dc46b281f94d88e032b, type: 2}
      propertyPath: m_AnchorMin.x
      value: 0
      objectReference: {fileID: 0}
    - target: {fileID: 22477020, guid: d7fc28d7e09e2dc46b281f94d88e032b, type: 2}
      propertyPath: m_AnchorMin.y
      value: 0
      objectReference: {fileID: 0}
    - target: {fileID: 22477020, guid: d7fc28d7e09e2dc46b281f94d88e032b, type: 2}
      propertyPath: m_AnchorMax.x
      value: 0
      objectReference: {fileID: 0}
    - target: {fileID: 22477020, guid: d7fc28d7e09e2dc46b281f94d88e032b, type: 2}
      propertyPath: m_AnchorMax.y
      value: 0
      objectReference: {fileID: 0}
    - target: {fileID: 22477020, guid: d7fc28d7e09e2dc46b281f94d88e032b, type: 2}
      propertyPath: m_Pivot.x
      value: 0
      objectReference: {fileID: 0}
    - target: {fileID: 22477020, guid: d7fc28d7e09e2dc46b281f94d88e032b, type: 2}
      propertyPath: m_Pivot.y
      value: 0
      objectReference: {fileID: 0}
    m_RemovedComponents: []
  m_ParentPrefab: {fileID: 100100000, guid: d7fc28d7e09e2dc46b281f94d88e032b, type: 2}
  m_RootGameObject: {fileID: 331014314}
  m_IsPrefabParent: 0
--- !u!1 &1334675406
GameObject:
  m_ObjectHideFlags: 0
  m_PrefabParentObject: {fileID: 176966, guid: d7fc28d7e09e2dc46b281f94d88e032b, type: 2}
  m_PrefabInternal: {fileID: 1272463684}
  serializedVersion: 5
  m_Component:
  - component: {fileID: 1334675407}
  - component: {fileID: 1334675409}
  - component: {fileID: 1334675408}
  m_Layer: 5
  m_Name: Lines
  m_TagString: Untagged
  m_Icon: {fileID: 0}
  m_NavMeshLayer: 0
  m_StaticEditorFlags: 0
  m_IsActive: 1
--- !u!224 &1334675407
RectTransform:
  m_ObjectHideFlags: 0
  m_PrefabParentObject: {fileID: 22476966, guid: d7fc28d7e09e2dc46b281f94d88e032b,
    type: 2}
  m_PrefabInternal: {fileID: 1272463684}
  m_GameObject: {fileID: 1334675406}
  m_LocalRotation: {x: 0, y: 0, z: 0, w: 1}
  m_LocalPosition: {x: 0, y: 0, z: 0}
  m_LocalScale: {x: 1.3, y: 1.3, z: 1}
  m_Children: []
  m_Father: {fileID: 1605798619}
  m_RootOrder: 1
  m_LocalEulerAnglesHint: {x: 0, y: 0, z: 0}
  m_AnchorMin: {x: 0.5, y: 0.5}
  m_AnchorMax: {x: 0.5, y: 0.5}
  m_AnchoredPosition: {x: 0, y: -80}
  m_SizeDelta: {x: 350, y: 5}
  m_Pivot: {x: 0.5, y: 0.5}
--- !u!114 &1334675408
MonoBehaviour:
  m_ObjectHideFlags: 0
  m_PrefabParentObject: {fileID: 11476948, guid: d7fc28d7e09e2dc46b281f94d88e032b,
    type: 2}
  m_PrefabInternal: {fileID: 1272463684}
  m_GameObject: {fileID: 1334675406}
  m_Enabled: 1
  m_EditorHideFlags: 0
  m_Script: {fileID: -765806418, guid: f5f67c52d1564df4a8936ccd202a3bd8, type: 3}
  m_Name: 
  m_EditorClassIdentifier: 
  m_Material: {fileID: 0}
  m_Color: {r: 0.9490196, g: 0.92941177, b: 0.8784314, a: 1}
  m_RaycastTarget: 1
  m_OnCullStateChanged:
    m_PersistentCalls:
      m_Calls: []
    m_TypeName: UnityEngine.UI.MaskableGraphic+CullStateChangedEvent, UnityEngine.UI,
      Version=1.0.0.0, Culture=neutral, PublicKeyToken=null
  m_Sprite: {fileID: 21300000, guid: 7ed1238760b863f4aafde32ab3a6f28c, type: 3}
  m_Type: 1
  m_PreserveAspect: 0
  m_FillCenter: 1
  m_FillMethod: 4
  m_FillAmount: 1
  m_FillClockwise: 1
  m_FillOrigin: 0
--- !u!222 &1334675409
CanvasRenderer:
  m_ObjectHideFlags: 0
  m_PrefabParentObject: {fileID: 22276968, guid: d7fc28d7e09e2dc46b281f94d88e032b,
    type: 2}
  m_PrefabInternal: {fileID: 1272463684}
  m_GameObject: {fileID: 1334675406}
--- !u!1 &1500371475
GameObject:
  m_ObjectHideFlags: 0
  m_PrefabParentObject: {fileID: 0}
  m_PrefabInternal: {fileID: 0}
  serializedVersion: 5
  m_Component:
  - component: {fileID: 1500371479}
  - component: {fileID: 1500371478}
  - component: {fileID: 1500371477}
  - component: {fileID: 1500371476}
  m_Layer: 0
  m_Name: EventSystem
  m_TagString: Untagged
  m_Icon: {fileID: 0}
  m_NavMeshLayer: 0
  m_StaticEditorFlags: 0
  m_IsActive: 1
--- !u!114 &1500371476
MonoBehaviour:
  m_ObjectHideFlags: 0
  m_PrefabParentObject: {fileID: 0}
  m_PrefabInternal: {fileID: 0}
  m_GameObject: {fileID: 1500371475}
  m_Enabled: 1
  m_EditorHideFlags: 0
  m_Script: {fileID: 1997211142, guid: f5f67c52d1564df4a8936ccd202a3bd8, type: 3}
  m_Name: 
  m_EditorClassIdentifier: 
  m_ForceModuleActive: 0
--- !u!114 &1500371477
MonoBehaviour:
  m_ObjectHideFlags: 0
  m_PrefabParentObject: {fileID: 0}
  m_PrefabInternal: {fileID: 0}
  m_GameObject: {fileID: 1500371475}
  m_Enabled: 1
  m_EditorHideFlags: 0
  m_Script: {fileID: 1077351063, guid: f5f67c52d1564df4a8936ccd202a3bd8, type: 3}
  m_Name: 
  m_EditorClassIdentifier: 
  m_HorizontalAxis: Horizontal
  m_VerticalAxis: Vertical
  m_SubmitButton: Submit
  m_CancelButton: Cancel
  m_InputActionsPerSecond: 10
  m_RepeatDelay: 0.5
  m_ForceModuleActive: 0
--- !u!114 &1500371478
MonoBehaviour:
  m_ObjectHideFlags: 0
  m_PrefabParentObject: {fileID: 0}
  m_PrefabInternal: {fileID: 0}
  m_GameObject: {fileID: 1500371475}
  m_Enabled: 1
  m_EditorHideFlags: 0
  m_Script: {fileID: -619905303, guid: f5f67c52d1564df4a8936ccd202a3bd8, type: 3}
  m_Name: 
  m_EditorClassIdentifier: 
  m_FirstSelected: {fileID: 0}
  m_sendNavigationEvents: 1
  m_DragThreshold: 5
--- !u!4 &1500371479
Transform:
  m_ObjectHideFlags: 0
  m_PrefabParentObject: {fileID: 0}
  m_PrefabInternal: {fileID: 0}
  m_GameObject: {fileID: 1500371475}
  m_LocalRotation: {x: 0, y: 0, z: 0, w: 1}
  m_LocalPosition: {x: 0, y: 0, z: 0}
  m_LocalScale: {x: 1, y: 1, z: 1}
  m_Children: []
  m_Father: {fileID: 0}
  m_RootOrder: 1
  m_LocalEulerAnglesHint: {x: 0, y: 0, z: 0}
--- !u!1 &1511305452
GameObject:
  m_ObjectHideFlags: 0
  m_PrefabParentObject: {fileID: 0}
  m_PrefabInternal: {fileID: 0}
  serializedVersion: 5
  m_Component:
  - component: {fileID: 1511305453}
  m_Layer: 0
  m_Name: __SET_YOUR_GAMESCREEN_TO_640x1136
  m_TagString: Untagged
  m_Icon: {fileID: 0}
  m_NavMeshLayer: 0
  m_StaticEditorFlags: 0
  m_IsActive: 1
--- !u!4 &1511305453
Transform:
  m_ObjectHideFlags: 0
  m_PrefabParentObject: {fileID: 0}
  m_PrefabInternal: {fileID: 0}
  m_GameObject: {fileID: 1511305452}
  m_LocalRotation: {x: 0, y: 0, z: 0, w: 1}
  m_LocalPosition: {x: 494.995, y: 627.74, z: 0}
  m_LocalScale: {x: 1, y: 1, z: 1}
  m_Children: []
  m_Father: {fileID: 0}
  m_RootOrder: 2
  m_LocalEulerAnglesHint: {x: 0, y: 0, z: 0}
--- !u!1 &1605798618
GameObject:
  m_ObjectHideFlags: 0
  m_PrefabParentObject: {fileID: 177002, guid: d7fc28d7e09e2dc46b281f94d88e032b, type: 2}
  m_PrefabInternal: {fileID: 1272463684}
  serializedVersion: 5
  m_Component:
  - component: {fileID: 1605798619}
  - component: {fileID: 1605798622}
  - component: {fileID: 1605798621}
  - component: {fileID: 1605798620}
  m_Layer: 5
  m_Name: Panel
  m_TagString: Untagged
  m_Icon: {fileID: 0}
  m_NavMeshLayer: 0
  m_StaticEditorFlags: 0
  m_IsActive: 1
--- !u!224 &1605798619
RectTransform:
  m_ObjectHideFlags: 0
  m_PrefabParentObject: {fileID: 22477002, guid: d7fc28d7e09e2dc46b281f94d88e032b,
    type: 2}
  m_PrefabInternal: {fileID: 1272463684}
  m_GameObject: {fileID: 1605798618}
  m_LocalRotation: {x: 0, y: 0, z: 0, w: 1}
  m_LocalPosition: {x: 0, y: 0, z: 0}
  m_LocalScale: {x: 1, y: 1, z: 1}
  m_Children:
  - {fileID: 722208619}
  - {fileID: 1334675407}
  - {fileID: 75185899}
  - {fileID: 591068824}
  - {fileID: 1103406138}
  - {fileID: 1710593026}
  - {fileID: 1054716478}
  - {fileID: 676059034}
  - {fileID: 1201903390}
  - {fileID: 988248723}
  - {fileID: 1820695790}
  m_Father: {fileID: 331014318}
  m_RootOrder: 1
  m_LocalEulerAnglesHint: {x: 0, y: 0, z: 0}
  m_AnchorMin: {x: 0.5, y: 0.5}
  m_AnchorMax: {x: 0.5, y: 0.5}
  m_AnchoredPosition: {x: 0, y: -0.020019531}
  m_SizeDelta: {x: 640, y: 1136}
  m_Pivot: {x: 0.5, y: 0.5}
--- !u!114 &1605798620
MonoBehaviour:
  m_ObjectHideFlags: 0
  m_PrefabParentObject: {fileID: 11476996, guid: d7fc28d7e09e2dc46b281f94d88e032b,
    type: 2}
  m_PrefabInternal: {fileID: 1272463684}
  m_GameObject: {fileID: 1605798618}
  m_Enabled: 1
  m_EditorHideFlags: 0
  m_Script: {fileID: -1200242548, guid: f5f67c52d1564df4a8936ccd202a3bd8, type: 3}
  m_Name: 
  m_EditorClassIdentifier: 
  m_ShowMaskGraphic: 1
--- !u!114 &1605798621
MonoBehaviour:
  m_ObjectHideFlags: 0
  m_PrefabParentObject: {fileID: 11476994, guid: d7fc28d7e09e2dc46b281f94d88e032b,
    type: 2}
  m_PrefabInternal: {fileID: 1272463684}
  m_GameObject: {fileID: 1605798618}
  m_Enabled: 1
  m_EditorHideFlags: 0
  m_Script: {fileID: -765806418, guid: f5f67c52d1564df4a8936ccd202a3bd8, type: 3}
  m_Name: 
  m_EditorClassIdentifier: 
  m_Material: {fileID: 0}
  m_Color: {r: 0.18739706, g: 0.18552864, b: 0.22745098, a: 1}
  m_RaycastTarget: 1
  m_OnCullStateChanged:
    m_PersistentCalls:
      m_Calls: []
    m_TypeName: UnityEngine.UI.MaskableGraphic+CullStateChangedEvent, UnityEngine.UI,
      Version=1.0.0.0, Culture=neutral, PublicKeyToken=null
  m_Sprite: {fileID: 21300000, guid: 7ed1238760b863f4aafde32ab3a6f28c, type: 3}
  m_Type: 1
  m_PreserveAspect: 0
  m_FillCenter: 1
  m_FillMethod: 4
  m_FillAmount: 1
  m_FillClockwise: 1
  m_FillOrigin: 0
--- !u!222 &1605798622
CanvasRenderer:
  m_ObjectHideFlags: 0
  m_PrefabParentObject: {fileID: 22277004, guid: d7fc28d7e09e2dc46b281f94d88e032b,
    type: 2}
  m_PrefabInternal: {fileID: 1272463684}
  m_GameObject: {fileID: 1605798618}
--- !u!1 &1611742235
GameObject:
  m_ObjectHideFlags: 0
  m_PrefabParentObject: {fileID: 176976, guid: d7fc28d7e09e2dc46b281f94d88e032b, type: 2}
  m_PrefabInternal: {fileID: 1272463684}
  serializedVersion: 5
  m_Component:
  - component: {fileID: 1611742236}
  - component: {fileID: 1611742238}
  - component: {fileID: 1611742237}
  m_Layer: 5
  m_Name: Text
  m_TagString: Untagged
  m_Icon: {fileID: 0}
  m_NavMeshLayer: 0
  m_StaticEditorFlags: 0
  m_IsActive: 1
--- !u!224 &1611742236
RectTransform:
  m_ObjectHideFlags: 0
  m_PrefabParentObject: {fileID: 22476976, guid: d7fc28d7e09e2dc46b281f94d88e032b,
    type: 2}
  m_PrefabInternal: {fileID: 1272463684}
  m_GameObject: {fileID: 1611742235}
  m_LocalRotation: {x: 0, y: 0, z: 0, w: 1}
  m_LocalPosition: {x: 0, y: 0, z: 0}
  m_LocalScale: {x: 2.6666667, y: 2.6666667, z: 1}
  m_Children: []
  m_Father: {fileID: 1820695790}
  m_RootOrder: 1
  m_LocalEulerAnglesHint: {x: 0, y: 0, z: 0}
  m_AnchorMin: {x: 0.5, y: 0.5}
  m_AnchorMax: {x: 0.5, y: 0.5}
  m_AnchoredPosition: {x: 0, y: -2610.667}
  m_SizeDelta: {x: 217, y: 123}
  m_Pivot: {x: 0.5, y: 0.5}
--- !u!114 &1611742237
MonoBehaviour:
  m_ObjectHideFlags: 0
  m_PrefabParentObject: {fileID: 11476960, guid: d7fc28d7e09e2dc46b281f94d88e032b,
    type: 2}
  m_PrefabInternal: {fileID: 1272463684}
  m_GameObject: {fileID: 1611742235}
  m_Enabled: 1
  m_EditorHideFlags: 0
  m_Script: {fileID: 708705254, guid: f5f67c52d1564df4a8936ccd202a3bd8, type: 3}
  m_Name: 
  m_EditorClassIdentifier: 
  m_Material: {fileID: 0}
  m_Color: {r: 0.94509804, g: 0.9254902, b: 0.8745098, a: 1}
  m_RaycastTarget: 1
  m_OnCullStateChanged:
    m_PersistentCalls:
      m_Calls: []
    m_TypeName: UnityEngine.UI.MaskableGraphic+CullStateChangedEvent, UnityEngine.UI,
      Version=1.0.0.0, Culture=neutral, PublicKeyToken=null
  m_FontData:
    m_Font: {fileID: 12800000, guid: 5c425d43bb0df45ca8eb162d5154251e, type: 3}
    m_FontSize: 80
    m_FontStyle: 0
    m_BestFit: 0
    m_MinSize: 10
    m_MaxSize: 80
    m_Alignment: 4
    m_AlignByGeometry: 0
    m_RichText: 1
    m_HorizontalOverflow: 0
    m_VerticalOverflow: 0
    m_LineSpacing: 1
  m_Text: 2:64
--- !u!222 &1611742238
CanvasRenderer:
  m_ObjectHideFlags: 0
  m_PrefabParentObject: {fileID: 22276978, guid: d7fc28d7e09e2dc46b281f94d88e032b,
    type: 2}
  m_PrefabInternal: {fileID: 1272463684}
  m_GameObject: {fileID: 1611742235}
--- !u!1 &1688441300
GameObject:
  m_ObjectHideFlags: 0
  m_PrefabParentObject: {fileID: 176968, guid: d7fc28d7e09e2dc46b281f94d88e032b, type: 2}
  m_PrefabInternal: {fileID: 1272463684}
  serializedVersion: 5
  m_Component:
  - component: {fileID: 1688441301}
  - component: {fileID: 1688441303}
  - component: {fileID: 1688441302}
  m_Layer: 5
  m_Name: Panel
  m_TagString: Untagged
  m_Icon: {fileID: 0}
  m_NavMeshLayer: 0
  m_StaticEditorFlags: 0
  m_IsActive: 1
--- !u!224 &1688441301
RectTransform:
  m_ObjectHideFlags: 0
  m_PrefabParentObject: {fileID: 22476968, guid: d7fc28d7e09e2dc46b281f94d88e032b,
    type: 2}
  m_PrefabInternal: {fileID: 1272463684}
  m_GameObject: {fileID: 1688441300}
  m_LocalRotation: {x: 0, y: 0, z: 0, w: 1}
  m_LocalPosition: {x: 0, y: 0, z: 0}
  m_LocalScale: {x: 1, y: 1, z: 1}
  m_Children:
  - {fileID: 209139763}
  m_Father: {fileID: 676059034}
  m_RootOrder: 0
  m_LocalEulerAnglesHint: {x: 0, y: 0, z: 0}
  m_AnchorMin: {x: 0.5, y: 0.5}
  m_AnchorMax: {x: 0.5, y: 0.5}
  m_AnchoredPosition: {x: 0, y: 4.5}
  m_SizeDelta: {x: 100, y: 100}
  m_Pivot: {x: 0.5, y: 0.5}
--- !u!114 &1688441302
MonoBehaviour:
  m_ObjectHideFlags: 0
  m_PrefabParentObject: {fileID: 11476950, guid: d7fc28d7e09e2dc46b281f94d88e032b,
    type: 2}
  m_PrefabInternal: {fileID: 1272463684}
  m_GameObject: {fileID: 1688441300}
  m_Enabled: 1
  m_EditorHideFlags: 0
  m_Script: {fileID: -765806418, guid: f5f67c52d1564df4a8936ccd202a3bd8, type: 3}
  m_Name: 
  m_EditorClassIdentifier: 
  m_Material: {fileID: 0}
  m_Color: {r: 0.95686275, g: 0.29019612, b: 0.41217044, a: 1}
  m_RaycastTarget: 1
  m_OnCullStateChanged:
    m_PersistentCalls:
      m_Calls: []
    m_TypeName: UnityEngine.UI.MaskableGraphic+CullStateChangedEvent, UnityEngine.UI,
      Version=1.0.0.0, Culture=neutral, PublicKeyToken=null
  m_Sprite: {fileID: 21300000, guid: 291502478103f274da140dc9d17c64dc, type: 3}
  m_Type: 0
  m_PreserveAspect: 0
  m_FillCenter: 1
  m_FillMethod: 4
  m_FillAmount: 1
  m_FillClockwise: 1
  m_FillOrigin: 0
--- !u!222 &1688441303
CanvasRenderer:
  m_ObjectHideFlags: 0
  m_PrefabParentObject: {fileID: 22276970, guid: d7fc28d7e09e2dc46b281f94d88e032b,
    type: 2}
  m_PrefabInternal: {fileID: 1272463684}
  m_GameObject: {fileID: 1688441300}
--- !u!1 &1710593025
GameObject:
  m_ObjectHideFlags: 0
  m_PrefabParentObject: {fileID: 176988, guid: d7fc28d7e09e2dc46b281f94d88e032b, type: 2}
  m_PrefabInternal: {fileID: 1272463684}
  serializedVersion: 5
  m_Component:
  - component: {fileID: 1710593026}
  - component: {fileID: 1710593029}
  - component: {fileID: 1710593028}
  - component: {fileID: 1710593027}
  m_Layer: 5
  m_Name: Button
  m_TagString: Untagged
  m_Icon: {fileID: 0}
  m_NavMeshLayer: 0
  m_StaticEditorFlags: 0
  m_IsActive: 1
--- !u!224 &1710593026
RectTransform:
  m_ObjectHideFlags: 0
  m_PrefabParentObject: {fileID: 22476988, guid: d7fc28d7e09e2dc46b281f94d88e032b,
    type: 2}
  m_PrefabInternal: {fileID: 1272463684}
  m_GameObject: {fileID: 1710593025}
  m_LocalRotation: {x: 0, y: 0, z: 0, w: 1}
  m_LocalPosition: {x: 0, y: 0, z: 0}
  m_LocalScale: {x: 1, y: 1, z: 1}
  m_Children:
  - {fileID: 1724796608}
  m_Father: {fileID: 1605798619}
  m_RootOrder: 5
  m_LocalEulerAnglesHint: {x: 0, y: 0, z: 0}
  m_AnchorMin: {x: 0.5, y: 0.5}
  m_AnchorMax: {x: 0.5, y: 0.5}
  m_AnchoredPosition: {x: 164.1, y: -164.6}
  m_SizeDelta: {x: 100, y: 100}
  m_Pivot: {x: 0.5, y: 0.5}
--- !u!114 &1710593027
MonoBehaviour:
  m_ObjectHideFlags: 0
  m_PrefabParentObject: {fileID: 11476976, guid: d7fc28d7e09e2dc46b281f94d88e032b,
    type: 2}
  m_PrefabInternal: {fileID: 1272463684}
  m_GameObject: {fileID: 1710593025}
  m_Enabled: 1
  m_EditorHideFlags: 0
  m_Script: {fileID: 1392445389, guid: f5f67c52d1564df4a8936ccd202a3bd8, type: 3}
  m_Name: 
  m_EditorClassIdentifier: 
  m_Navigation:
    m_Mode: 3
    m_SelectOnUp: {fileID: 0}
    m_SelectOnDown: {fileID: 0}
    m_SelectOnLeft: {fileID: 0}
    m_SelectOnRight: {fileID: 0}
  m_Transition: 1
  m_Colors:
    m_NormalColor: {r: 1, g: 1, b: 1, a: 1}
    m_HighlightedColor: {r: 0.9607843, g: 0.9607843, b: 0.9607843, a: 1}
    m_PressedColor: {r: 0.78431374, g: 0.78431374, b: 0.78431374, a: 1}
    m_DisabledColor: {r: 0.78431374, g: 0.78431374, b: 0.78431374, a: 0.5019608}
    m_ColorMultiplier: 1
    m_FadeDuration: 0.1
  m_SpriteState:
    m_HighlightedSprite: {fileID: 0}
    m_PressedSprite: {fileID: 0}
    m_DisabledSprite: {fileID: 0}
  m_AnimationTriggers:
    m_NormalTrigger: Normal
    m_HighlightedTrigger: Highlighted
    m_PressedTrigger: Pressed
    m_DisabledTrigger: Disabled
  m_Interactable: 1
  m_TargetGraphic: {fileID: 1710593028}
  m_OnClick:
    m_PersistentCalls:
      m_Calls: []
    m_TypeName: UnityEngine.UI.Button+ButtonClickedEvent, UnityEngine.UI, Version=1.0.0.0,
      Culture=neutral, PublicKeyToken=null
--- !u!114 &1710593028
MonoBehaviour:
  m_ObjectHideFlags: 0
  m_PrefabParentObject: {fileID: 11476978, guid: d7fc28d7e09e2dc46b281f94d88e032b,
    type: 2}
  m_PrefabInternal: {fileID: 1272463684}
  m_GameObject: {fileID: 1710593025}
  m_Enabled: 1
  m_EditorHideFlags: 0
  m_Script: {fileID: -765806418, guid: f5f67c52d1564df4a8936ccd202a3bd8, type: 3}
  m_Name: 
  m_EditorClassIdentifier: 
  m_Material: {fileID: 0}
  m_Color: {r: 0.7607843, g: 0.22972701, b: 0.32735875, a: 1}
  m_RaycastTarget: 1
  m_OnCullStateChanged:
    m_PersistentCalls:
      m_Calls: []
    m_TypeName: UnityEngine.UI.MaskableGraphic+CullStateChangedEvent, UnityEngine.UI,
      Version=1.0.0.0, Culture=neutral, PublicKeyToken=null
  m_Sprite: {fileID: 21300000, guid: 291502478103f274da140dc9d17c64dc, type: 3}
  m_Type: 0
  m_PreserveAspect: 0
  m_FillCenter: 1
  m_FillMethod: 4
  m_FillAmount: 1
  m_FillClockwise: 1
  m_FillOrigin: 0
--- !u!222 &1710593029
CanvasRenderer:
  m_ObjectHideFlags: 0
  m_PrefabParentObject: {fileID: 22276990, guid: d7fc28d7e09e2dc46b281f94d88e032b,
    type: 2}
  m_PrefabInternal: {fileID: 1272463684}
  m_GameObject: {fileID: 1710593025}
--- !u!1 &1723485739
GameObject:
  m_ObjectHideFlags: 0
  m_PrefabParentObject: {fileID: 177016, guid: d7fc28d7e09e2dc46b281f94d88e032b, type: 2}
  m_PrefabInternal: {fileID: 1272463684}
  serializedVersion: 5
  m_Component:
  - component: {fileID: 1723485740}
  - component: {fileID: 1723485742}
  - component: {fileID: 1723485741}
  m_Layer: 5
  m_Name: Image
  m_TagString: Untagged
  m_Icon: {fileID: 0}
  m_NavMeshLayer: 0
  m_StaticEditorFlags: 0
  m_IsActive: 1
--- !u!224 &1723485740
RectTransform:
  m_ObjectHideFlags: 0
  m_PrefabParentObject: {fileID: 22477016, guid: d7fc28d7e09e2dc46b281f94d88e032b,
    type: 2}
  m_PrefabInternal: {fileID: 1272463684}
  m_GameObject: {fileID: 1723485739}
  m_LocalRotation: {x: 0, y: 0, z: -0.3826835, w: 0.92387956}
  m_LocalPosition: {x: 0, y: 0, z: 0}
  m_LocalScale: {x: 1, y: 1, z: 1}
  m_Children: []
  m_Father: {fileID: 2059793364}
  m_RootOrder: 1
  m_LocalEulerAnglesHint: {x: 0, y: 0, z: 0}
  m_AnchorMin: {x: 0.5, y: 0.5}
  m_AnchorMax: {x: 0.5, y: 0.5}
  m_AnchoredPosition: {x: 0, y: 0}
  m_SizeDelta: {x: 58.2, y: 8.2}
  m_Pivot: {x: 0.5, y: 0.5}
--- !u!114 &1723485741
MonoBehaviour:
  m_ObjectHideFlags: 0
  m_PrefabParentObject: {fileID: 11477012, guid: d7fc28d7e09e2dc46b281f94d88e032b,
    type: 2}
  m_PrefabInternal: {fileID: 1272463684}
  m_GameObject: {fileID: 1723485739}
  m_Enabled: 1
  m_EditorHideFlags: 0
  m_Script: {fileID: -765806418, guid: f5f67c52d1564df4a8936ccd202a3bd8, type: 3}
  m_Name: 
  m_EditorClassIdentifier: 
  m_Material: {fileID: 0}
  m_Color: {r: 0.94509804, g: 0.9254902, b: 0.8745098, a: 1}
  m_RaycastTarget: 1
  m_OnCullStateChanged:
    m_PersistentCalls:
      m_Calls: []
    m_TypeName: UnityEngine.UI.MaskableGraphic+CullStateChangedEvent, UnityEngine.UI,
      Version=1.0.0.0, Culture=neutral, PublicKeyToken=null
  m_Sprite: {fileID: 21300000, guid: 7ed1238760b863f4aafde32ab3a6f28c, type: 3}
  m_Type: 1
  m_PreserveAspect: 0
  m_FillCenter: 1
  m_FillMethod: 4
  m_FillAmount: 1
  m_FillClockwise: 1
  m_FillOrigin: 0
--- !u!222 &1723485742
CanvasRenderer:
  m_ObjectHideFlags: 0
  m_PrefabParentObject: {fileID: 22277018, guid: d7fc28d7e09e2dc46b281f94d88e032b,
    type: 2}
  m_PrefabInternal: {fileID: 1272463684}
  m_GameObject: {fileID: 1723485739}
--- !u!1 &1724796607
GameObject:
  m_ObjectHideFlags: 0
  m_PrefabParentObject: {fileID: 177022, guid: d7fc28d7e09e2dc46b281f94d88e032b, type: 2}
  m_PrefabInternal: {fileID: 1272463684}
  serializedVersion: 5
  m_Component:
  - component: {fileID: 1724796608}
  - component: {fileID: 1724796610}
  - component: {fileID: 1724796609}
  m_Layer: 5
  m_Name: Panel
  m_TagString: Untagged
  m_Icon: {fileID: 0}
  m_NavMeshLayer: 0
  m_StaticEditorFlags: 0
  m_IsActive: 1
--- !u!224 &1724796608
RectTransform:
  m_ObjectHideFlags: 0
  m_PrefabParentObject: {fileID: 22477022, guid: d7fc28d7e09e2dc46b281f94d88e032b,
    type: 2}
  m_PrefabInternal: {fileID: 1272463684}
  m_GameObject: {fileID: 1724796607}
  m_LocalRotation: {x: 0, y: 0, z: 0, w: 1}
  m_LocalPosition: {x: 0, y: 0, z: 0}
  m_LocalScale: {x: 1, y: 1, z: 1}
  m_Children:
  - {fileID: 1214012769}
  m_Father: {fileID: 1710593026}
  m_RootOrder: 0
  m_LocalEulerAnglesHint: {x: 0, y: 0, z: 0}
  m_AnchorMin: {x: 0.5, y: 0.5}
  m_AnchorMax: {x: 0.5, y: 0.5}
  m_AnchoredPosition: {x: 0, y: 4.5}
  m_SizeDelta: {x: 100, y: 100}
  m_Pivot: {x: 0.5, y: 0.5}
--- !u!114 &1724796609
MonoBehaviour:
  m_ObjectHideFlags: 0
  m_PrefabParentObject: {fileID: 11477022, guid: d7fc28d7e09e2dc46b281f94d88e032b,
    type: 2}
  m_PrefabInternal: {fileID: 1272463684}
  m_GameObject: {fileID: 1724796607}
  m_Enabled: 1
  m_EditorHideFlags: 0
  m_Script: {fileID: -765806418, guid: f5f67c52d1564df4a8936ccd202a3bd8, type: 3}
  m_Name: 
  m_EditorClassIdentifier: 
  m_Material: {fileID: 0}
  m_Color: {r: 0.95686275, g: 0.29019612, b: 0.41217044, a: 1}
  m_RaycastTarget: 1
  m_OnCullStateChanged:
    m_PersistentCalls:
      m_Calls: []
    m_TypeName: UnityEngine.UI.MaskableGraphic+CullStateChangedEvent, UnityEngine.UI,
      Version=1.0.0.0, Culture=neutral, PublicKeyToken=null
  m_Sprite: {fileID: 21300000, guid: 291502478103f274da140dc9d17c64dc, type: 3}
  m_Type: 0
  m_PreserveAspect: 0
  m_FillCenter: 1
  m_FillMethod: 4
  m_FillAmount: 1
  m_FillClockwise: 1
  m_FillOrigin: 0
--- !u!222 &1724796610
CanvasRenderer:
  m_ObjectHideFlags: 0
  m_PrefabParentObject: {fileID: 22277022, guid: d7fc28d7e09e2dc46b281f94d88e032b,
    type: 2}
  m_PrefabInternal: {fileID: 1272463684}
  m_GameObject: {fileID: 1724796607}
--- !u!1 &1820695789
GameObject:
  m_ObjectHideFlags: 0
  m_PrefabParentObject: {fileID: 176992, guid: d7fc28d7e09e2dc46b281f94d88e032b, type: 2}
  m_PrefabInternal: {fileID: 1272463684}
  serializedVersion: 5
  m_Component:
  - component: {fileID: 1820695790}
  - component: {fileID: 1820695793}
  - component: {fileID: 1820695792}
  - component: {fileID: 1820695791}
  m_Layer: 5
  m_Name: Informations
  m_TagString: Untagged
  m_Icon: {fileID: 0}
  m_NavMeshLayer: 0
  m_StaticEditorFlags: 0
  m_IsActive: 1
--- !u!224 &1820695790
RectTransform:
  m_ObjectHideFlags: 0
  m_PrefabParentObject: {fileID: 22476992, guid: d7fc28d7e09e2dc46b281f94d88e032b,
    type: 2}
  m_PrefabInternal: {fileID: 1272463684}
  m_GameObject: {fileID: 1820695789}
  m_LocalRotation: {x: 0, y: 0, z: 0, w: 1}
  m_LocalPosition: {x: 0, y: 0, z: 0}
  m_LocalScale: {x: 0.3, y: 0.3, z: 1}
  m_Children:
  - {fileID: 610942724}
  - {fileID: 1611742236}
  - {fileID: 786729533}
  - {fileID: 1214253300}
  m_Father: {fileID: 1605798619}
  m_RootOrder: 10
  m_LocalEulerAnglesHint: {x: 0, y: 0, z: 0}
  m_AnchorMin: {x: 0.5, y: 0.5}
  m_AnchorMax: {x: 0.5, y: 0.5}
  m_AnchoredPosition: {x: -0, y: 406.2}
  m_SizeDelta: {x: 265.5, y: 100}
  m_Pivot: {x: 0.5, y: 0.5}
--- !u!114 &1820695791
MonoBehaviour:
  m_ObjectHideFlags: 0
  m_PrefabParentObject: {fileID: 11476984, guid: d7fc28d7e09e2dc46b281f94d88e032b,
    type: 2}
  m_PrefabInternal: {fileID: 1272463684}
  m_GameObject: {fileID: 1820695789}
  m_Enabled: 1
  m_EditorHideFlags: 0
  m_Script: {fileID: 1392445389, guid: f5f67c52d1564df4a8936ccd202a3bd8, type: 3}
  m_Name: 
  m_EditorClassIdentifier: 
  m_Navigation:
    m_Mode: 3
    m_SelectOnUp: {fileID: 0}
    m_SelectOnDown: {fileID: 0}
    m_SelectOnLeft: {fileID: 0}
    m_SelectOnRight: {fileID: 0}
  m_Transition: 1
  m_Colors:
    m_NormalColor: {r: 1, g: 1, b: 1, a: 1}
    m_HighlightedColor: {r: 0.9607843, g: 0.9607843, b: 0.9607843, a: 1}
    m_PressedColor: {r: 0.78431374, g: 0.78431374, b: 0.78431374, a: 1}
    m_DisabledColor: {r: 0.78431374, g: 0.78431374, b: 0.78431374, a: 0.5019608}
    m_ColorMultiplier: 1
    m_FadeDuration: 0.1
  m_SpriteState:
    m_HighlightedSprite: {fileID: 0}
    m_PressedSprite: {fileID: 0}
    m_DisabledSprite: {fileID: 0}
  m_AnimationTriggers:
    m_NormalTrigger: Normal
    m_HighlightedTrigger: Highlighted
    m_PressedTrigger: Pressed
    m_DisabledTrigger: Disabled
  m_Interactable: 1
  m_TargetGraphic: {fileID: 1820695792}
  m_OnClick:
    m_PersistentCalls:
      m_Calls: []
    m_TypeName: UnityEngine.UI.Button+ButtonClickedEvent, UnityEngine.UI, Version=1.0.0.0,
      Culture=neutral, PublicKeyToken=null
--- !u!114 &1820695792
MonoBehaviour:
  m_ObjectHideFlags: 0
  m_PrefabParentObject: {fileID: 11476982, guid: d7fc28d7e09e2dc46b281f94d88e032b,
    type: 2}
  m_PrefabInternal: {fileID: 1272463684}
  m_GameObject: {fileID: 1820695789}
  m_Enabled: 1
  m_EditorHideFlags: 0
  m_Script: {fileID: -765806418, guid: f5f67c52d1564df4a8936ccd202a3bd8, type: 3}
  m_Name: 
  m_EditorClassIdentifier: 
  m_Material: {fileID: 0}
  m_Color: {r: 0.12156863, g: 0.8235294, b: 0.57254905, a: 1}
  m_RaycastTarget: 1
  m_OnCullStateChanged:
    m_PersistentCalls:
      m_Calls: []
    m_TypeName: UnityEngine.UI.MaskableGraphic+CullStateChangedEvent, UnityEngine.UI,
      Version=1.0.0.0, Culture=neutral, PublicKeyToken=null
  m_Sprite: {fileID: 21300000, guid: d933e3d481575ca4b8c63bf881596b5f, type: 3}
  m_Type: 1
  m_PreserveAspect: 0
  m_FillCenter: 1
  m_FillMethod: 4
  m_FillAmount: 1
  m_FillClockwise: 1
  m_FillOrigin: 0
--- !u!222 &1820695793
CanvasRenderer:
  m_ObjectHideFlags: 0
  m_PrefabParentObject: {fileID: 22276994, guid: d7fc28d7e09e2dc46b281f94d88e032b,
    type: 2}
  m_PrefabInternal: {fileID: 1272463684}
  m_GameObject: {fileID: 1820695789}
--- !u!1 &1938536178
GameObject:
  m_ObjectHideFlags: 0
  m_PrefabParentObject: {fileID: 176994, guid: d7fc28d7e09e2dc46b281f94d88e032b, type: 2}
  m_PrefabInternal: {fileID: 1272463684}
  serializedVersion: 5
  m_Component:
  - component: {fileID: 1938536179}
  - component: {fileID: 1938536181}
  - component: {fileID: 1938536180}
  m_Layer: 5
  m_Name: Image
  m_TagString: Untagged
  m_Icon: {fileID: 0}
  m_NavMeshLayer: 0
  m_StaticEditorFlags: 0
  m_IsActive: 1
--- !u!224 &1938536179
RectTransform:
  m_ObjectHideFlags: 0
  m_PrefabParentObject: {fileID: 22476994, guid: d7fc28d7e09e2dc46b281f94d88e032b,
    type: 2}
  m_PrefabInternal: {fileID: 1272463684}
  m_GameObject: {fileID: 1938536178}
  m_LocalRotation: {x: 0, y: 0, z: 0, w: 1}
  m_LocalPosition: {x: 0, y: 0, z: 0}
  m_LocalScale: {x: 1, y: 1, z: 1}
  m_Children: []
  m_Father: {fileID: 1174976026}
  m_RootOrder: 0
  m_LocalEulerAnglesHint: {x: 0, y: 0, z: 0}
  m_AnchorMin: {x: 0.5, y: 0.5}
  m_AnchorMax: {x: 0.5, y: 0.5}
  m_AnchoredPosition: {x: -0.0000007748604, y: -0.0000007748604}
  m_SizeDelta: {x: 54.4, y: 54.4}
  m_Pivot: {x: 0.5, y: 0.5}
--- !u!114 &1938536180
MonoBehaviour:
  m_ObjectHideFlags: 0
  m_PrefabParentObject: {fileID: 11476986, guid: d7fc28d7e09e2dc46b281f94d88e032b,
    type: 2}
  m_PrefabInternal: {fileID: 1272463684}
  m_GameObject: {fileID: 1938536178}
  m_Enabled: 1
  m_EditorHideFlags: 0
  m_Script: {fileID: -765806418, guid: f5f67c52d1564df4a8936ccd202a3bd8, type: 3}
  m_Name: 
  m_EditorClassIdentifier: 
  m_Material: {fileID: 0}
  m_Color: {r: 0.94509804, g: 0.9254902, b: 0.8745098, a: 1}
  m_RaycastTarget: 1
  m_OnCullStateChanged:
    m_PersistentCalls:
      m_Calls: []
    m_TypeName: UnityEngine.UI.MaskableGraphic+CullStateChangedEvent, UnityEngine.UI,
      Version=1.0.0.0, Culture=neutral, PublicKeyToken=null
  m_Sprite: {fileID: 21300000, guid: 377a4d562faa09d48bca2591c4304545, type: 3}
  m_Type: 0
  m_PreserveAspect: 0
  m_FillCenter: 1
  m_FillMethod: 4
  m_FillAmount: 1
  m_FillClockwise: 1
  m_FillOrigin: 0
--- !u!222 &1938536181
CanvasRenderer:
  m_ObjectHideFlags: 0
  m_PrefabParentObject: {fileID: 22276996, guid: d7fc28d7e09e2dc46b281f94d88e032b,
    type: 2}
  m_PrefabInternal: {fileID: 1272463684}
  m_GameObject: {fileID: 1938536178}
--- !u!1 &2059793363
GameObject:
  m_ObjectHideFlags: 0
  m_PrefabParentObject: {fileID: 176970, guid: d7fc28d7e09e2dc46b281f94d88e032b, type: 2}
  m_PrefabInternal: {fileID: 1272463684}
  serializedVersion: 5
  m_Component:
  - component: {fileID: 2059793364}
  - component: {fileID: 2059793366}
  - component: {fileID: 2059793365}
  m_Layer: 5
  m_Name: Panel
  m_TagString: Untagged
  m_Icon: {fileID: 0}
  m_NavMeshLayer: 0
  m_StaticEditorFlags: 0
  m_IsActive: 1
--- !u!224 &2059793364
RectTransform:
  m_ObjectHideFlags: 0
  m_PrefabParentObject: {fileID: 22476970, guid: d7fc28d7e09e2dc46b281f94d88e032b,
    type: 2}
  m_PrefabInternal: {fileID: 1272463684}
  m_GameObject: {fileID: 2059793363}
  m_LocalRotation: {x: 0, y: 0, z: 0, w: 1}
  m_LocalPosition: {x: 0, y: 0, z: 0}
  m_LocalScale: {x: 1, y: 1, z: 1}
  m_Children:
  - {fileID: 262293252}
  - {fileID: 1723485740}
  m_Father: {fileID: 988248723}
  m_RootOrder: 0
  m_LocalEulerAnglesHint: {x: 0, y: 0, z: 0}
  m_AnchorMin: {x: 0.5, y: 0.5}
  m_AnchorMax: {x: 0.5, y: 0.5}
  m_AnchoredPosition: {x: 0, y: 4.5}
  m_SizeDelta: {x: 100, y: 100}
  m_Pivot: {x: 0.5, y: 0.5}
--- !u!114 &2059793365
MonoBehaviour:
  m_ObjectHideFlags: 0
  m_PrefabParentObject: {fileID: 11476952, guid: d7fc28d7e09e2dc46b281f94d88e032b,
    type: 2}
  m_PrefabInternal: {fileID: 1272463684}
  m_GameObject: {fileID: 2059793363}
  m_Enabled: 1
  m_EditorHideFlags: 0
  m_Script: {fileID: -765806418, guid: f5f67c52d1564df4a8936ccd202a3bd8, type: 3}
  m_Name: 
  m_EditorClassIdentifier: 
  m_Material: {fileID: 0}
  m_Color: {r: 0.12156863, g: 0.827451, b: 0.5764706, a: 1}
  m_RaycastTarget: 1
  m_OnCullStateChanged:
    m_PersistentCalls:
      m_Calls: []
    m_TypeName: UnityEngine.UI.MaskableGraphic+CullStateChangedEvent, UnityEngine.UI,
      Version=1.0.0.0, Culture=neutral, PublicKeyToken=null
  m_Sprite: {fileID: 21300000, guid: 291502478103f274da140dc9d17c64dc, type: 3}
  m_Type: 0
  m_PreserveAspect: 0
  m_FillCenter: 1
  m_FillMethod: 4
  m_FillAmount: 1
  m_FillClockwise: 1
  m_FillOrigin: 0
--- !u!222 &2059793366
CanvasRenderer:
  m_ObjectHideFlags: 0
  m_PrefabParentObject: {fileID: 22276972, guid: d7fc28d7e09e2dc46b281f94d88e032b,
    type: 2}
  m_PrefabInternal: {fileID: 1272463684}
  m_GameObject: {fileID: 2059793363}
